2378 3832
366 188 641 240 saumariorum
659 190 767 240 urana
785 191 817 242 ιι.
1034 189 1098 253 301

84 334 116 394 Λ
122 334 156 393 Ν
185 329 386 394 irrationalis
415 335 465 395 est
488 353 562 395 cum
584 332 738 396 rationali
761 335 867 398 totum
891 333 1032 398 medium
1056 334 1099 399 ef-

80 436 204 517 ficiens,
229 457 309 518 quae
332 440 468 501 uocatur
493 441 598 521 [prop.
613 435 791 518 LXXVII]⁸
821 442 854 502 et
872 437 1099 504 Anda-AB.

149 542 240 624 Ergo
260 546 348 606 recta
367 543 474 626 spatio
488 548 554 608 AB
575 544 720 629 aequalis
740 543 898 629 quadrata
916 549 1006 610 recta
1024 568 1098 611 cum

81 648 239 713 rationali
267 651 375 713 totum
403 648 544 714 medium
572 650 715 714 efficiens
747 656 811 734 est3
844 650 930 735 quod
954 655 1023 717 erat
1047 653 1099 717 de·

82 754 341 820 monstrandum.

534 843 650 910 XCVI.

152 966 186 1031 Si
210 969 352 1050 spatium
376 971 466 1032 recta
489 969 642 1034 rationali
668 972 814 1036 etsexta
838 972 990 1053 apotome
1014 990 1098 1034 com·

81 1073 307 1157 prehenditur,
335 1078 424 1139 reeta
453 1074 558 1157 spatio
588 1075 733 1159 aequalis
757 1075 916 1160 quadrata
938 1080 1028 1141 recta
1050 1078 1099 1141 est

82 1202 158 1244 cum
181 1179 288 1244 medio
310 1182 418 1244 totum
442 1181 584 1244 medium
607 1181 761 1246 efficiens.

152 1283 303 1368 Spatium
327 1287 412 1349 enim
431 1291 496 1351 AB
519 1288 673 1352 rationali
691 1291 760 1353 ΑΓ
779 1292 813 1352 et
835 1291 929 1353 sexta
947 1292 1100 1371 apotome

84 1397 157 1456 ΑΔ
173 1393 474 1485 comprehendatur.
499 1394 580 1476 dico,
593 1399 717 1459 rectam
732 1395 838 1478 spatio
852 1400 918 1460 AB
932 1393 1093 1478 aequalem

83 1498 278 1582 quadratam
309 1503 378 1565 rect
382 1522 434 1564 am
468 1522 537 1566 esse
573 1523 647 1566 eum
678 1501 785 1567 medio
818 1505 926 1567 totum
957 1501 1093 1569 medium

82 1604 226 1669 efficient
212 1609 288 1670 t.ern

150 1733 228 1776 nam
258 1716 332 1775 ΛΗ
353 1717 460 1777 rectae
484 1717 556 1777 ΑΛ
583 1733 765 1798 congruens
790 1713 841 1778 sit.
886 1713 997 1798 itaque
1019 1714 1103 1792 ΑΗ,
1121 1703 1141 1821 V

84 1822 159 1882 HA
178 1818 355 1882 rationales
375 1821 451 1882 sunt
468 1819 616 1902 potentia
634 1821 763 1882 tantum
782 1816 1108 1901 commensurabiles,

85 1947 107 1993 A
236 1946 261 1992 Δ
380 1942 404 1991 Ε
442 1943 509 1992 ΖΗ
539 1929 571 1989 et
588 1927 706 1989 neutra
725 1945 836 1989 earum
855 1923 1009 1989 rationali
1027 1942 1114 2007 pro-

247 2019 447 2209 lq
444 2074 447 2171 1
538 2031 664 2116 positae
692 2033 762 2095 ΑΓ
784 2031 890 2115 longit
875 2029 986 2094 tudine
1014 2048 1119 2094 oom-

247 2086 249 2211 l
369 2215 500 2278 '‘—K
538 2136 764 2202 mensurabilis
793 2140 855 2221 est,
887 2139 958 2202 tota
990 2138 1130 2214 autern

94 2228 121 2276 Γ
231 2228 253 2277 B
378 2225 401 2278 Θ
439 2229 500 2278 JK
539 2247 610 2308 ΑΗ
616 2247 847 2329 congruentem
859 2247 933 2308 ΔΗ
941 2242 1140 2331 quadrata

538 2350 662 2415 excedit
648 2349 853 2434 tquadreto
890 2354 959 2415 rect
960 2372 997 2415 ae
1035 2349 1141 2443 sibi

537 2457 643 2540 longit
629 2455 739 2520 tudine
760 2454 1141 2551 incommensurabiliq

284 2564 315 2592 ’·
359 2562 376 2660 ’,ἶ
427 2553 457 2617 Ξ
539 2563 629 2643 [deff.
652 2566 726 2627 tert.
751 2564 799 2643 6].
848 2563 915 2626 iam
943 2561 1138 2655 quonian³

335 2666 352 2686 ”
537 2665 622 2732 ΑΗ2
655 2669 779 2733 excedit
810 2665 903 2732 ΗΔ2
939 2666 1134 2761 quadrato

537 2779 644 2838 rectae
673 2775 737 2839 sibi
759 2773 1127 2865 incommensurabili,

425 2882 434 2912 ¹
537 2879 750 2963 longitudine,
774 2882 803 2944 si
824 2877 940 2964 ΜΗ2
964 2890 1119 2969 aequal„

85 2989 192 3049 rectae
207 2987 279 3048 ΑΗ
290 2984 472 3068 adplicatur
486 2984 629 3067 spatium
643 2986 749 3069 figura
764 2986 922 3070 quadrata
936 2986 1111 3091 deficiens,

85 3091 120 3154 in
133 3094 242 3173 partes
257 3091 597 3156 incommensurabiles
612 3113 684 3156 eam
699 3091 822 3157 diuidet
842 3095 947 3178 [prop.
961 3092 1107 3187 XVHJ]

86 3200 164 3259 ΔΗ
187 3196 288 3280 igitur
315 3197 349 3260 in
376 3200 495 3291 puncto
521 3202 552 3261 E
576 3198 611 3261 in
635 3196 715 3263 duas
739 3204 849 3282 partes
874 3201 1025 3284 aequales
1049 3224 1103 3273 so.

85 3306 185 3385 cetur,
209 3308 242 3365 et
265 3303 401 3386 quadrat
403 3326 421 3368 0
441 3307 509 3367 ΕΗ
512 3301 524 3338 ²
548 3305 682 3388 aequale
705 3308 812 3371 rectae
831 3309 903 3371 ΑΗ
918 3305 1101 3392 adplicetur

86 3456 365 3544 dqlldpevomF
347 3458 494 3533 condoluit
497 3479 548 3531 μεν
532 3461 621 3518 va.
676 3469 720 3518 22
738 3464 1085 3533 oqqetcossemffw

84 3527 163 3583 st
236 3537 279 3586 23.
298 3481 381 3604 icor]
394 3548 450 3589 om.
469 3532 505 3590 V.
581 3534 644 3592 loeo
666 3529 858 3593 tltetuoo'V.
