2378 3832
107 171 151 237 52
491 173 692 225 mommsen
712 168 739 226 ι’.
814 228 816 233 .

106 317 213 400 μήκει·
236 310 257 400 ή
280 320 346 381 ΒΓ
364 311 430 400 άροι
453 317 512 400 τῆς
530 324 562 381 Α
584 319 695 399 μεῖζον
720 313 862 380 δύναται
881 315 926 404 τῳ
950 308 1015 378 άπὸ
1039 329 1123 396 συμ-

106 419 228 506 μέτρου
251 419 362 507 ἑαυτῇ.

169 522 268 591 Ἀλλά
297 522 339 610 δή
367 520 388 610 ή
412 530 479 591 ΒΓ
501 527 560 610 τῆς
588 532 620 591 A
647 528 759 608 μεῖζον
787 521 950 590 δυνάσθω
977 525 1023 613 τῷ
1053 520 1122 590 άπὸ

107 629 298 717 συμμέτρου
322 630 433 717 ἑαυτῇ,
456 639 501 720 τῷ
527 629 565 696 δὲ
582 627 726 718 τετάρτῳ
749 632 811 696 τοῦ
834 625 898 696 άπδ
917 631 976 715 τής
994 637 1026 694 Α
1044 635 1124 695 ἴσον

72 760 88 810 5
106 733 196 824 παρὰ
209 733 272 822 τήν
287 742 353 803 ΒΓ
362 733 632 820 παραβεβλήσθω
652 737 803 802 ἐλλεῖπον
818 739 900 802 ελδει
913 733 1125 825 τετραγώνῳ,

105 841 162 908 καὶ
189 846 273 909 έστω
301 840 338 908 τὸ
366 837 432 907 ὑπὸ
456 843 525 907 τῶν
549 845 723 924 ΒΔ,,ΔΓ.
769 841 934 926 δεικτέον,
963 838 1014 909 ὅτι
1042 842 1124 925 σάμ-

107 947 225 1035 μετρός
249 949 338 1015 ἐστιν
361 942 382 1032 ή
402 953 469 1013 BA
492 950 531 1033 τῇ
553 952 624 1013 ΔΓ
641 945 746 1032 μήκει.

178 1056 253 1119 Τῶν
267 1050 330 1138 γάρ
346 1049 458 1120 αὐτῶν
473 1053 815 1121 κατασκευασθέντων
826 1049 949 1139 ὁμοίως
959 1052 1124 1137 δείξομεν,

107 1156 159 1226 ὅτι
186 1155 207 1244 ἡ
237 1163 303 1224 ΒΓ
325 1161 384 1244 τής
411 1168 443 1225 A
472 1164 585 1245 μεῖζον
617 1157 758 1227 δυ’νοιται
788 1162 832 1250 τῳ
863 1155 929 1226 άπὸ
958 1162 1017 1245 τής
1047 1165 1125 1225 ZA.

55 1291 89 1338 10
109 1265 250 1331 δύναται
279 1262 317 1330 δὲ
347 1264 367 1350 ἡ
396 1270 462 1331 ΒΓ
487 1269 546 1351 τής
569 1274 601 1333 A
623 1271 736 1351 μεῖζον
765 1269 810 1355 τῷ
840 1262 904 1333 άιιδ
934 1265 1126 1350 συμμέτρου

108 1371 218 1456 ἑαυτῇ.
270 1369 456 1458 σύμμετρος
486 1368 552 1457 άροι
583 1371 673 1438 ἐστὶν
704 1367 725 1457 ή
756 1377 822 1438 ΒΓ
844 1375 884 1458 τή
916 1377 985 1437 ZA
1015 1368 1125 1455 μήκει·

109 1473 193 1543 δι’στε
216 1475 272 1542 καὶ
295 1484 394 1564 λοιπή
420 1478 660 1564 συναμφοτέρῳ
687 1480 727 1563 τῇ
752 1482 824 1562 ΒΖ,
849 1481 919 1542 ΔΓ
938 1474 1127 1562 σύμμετρός

109 1583 199 1649 ἐστιν
227 1578 248 1668 ή
277 1588 344 1649 ΒΓ
367 1580 473 1669 μήκει.
519 1579 603 1649 άλλά
633 1582 887 1669 συναμφότερος
913 1579 934 1666 ἡ
961 1589 1033 1666 ΒΖ,
1059 1588 1131 1649 ΔΓ

109 1686 296 1776 σύμμετρός
315 1689 382 1756 ἐστι
401 1692 441 1776 τή
458 1693 530 1756 ΔΓ
544 1689 677 1775 [μήκει].
710 1688 867 1758 ὥστεκαὶ
886 1685 907 1775 ή
923 1695 989 1755 ΒΓ
1003 1692 1043 1775 τῇ
1063 1693 1126 1754 ΓΔ

58 1818 91 1867 15
110 1793 297 1881 σύμμετρός
320 1797 389 1862 ἐστι
412 1792 522 1879 μήκει·
546 1795 601 1861 καλ
622 1792 767 1862 διελόντι
786 1793 852 1877 άροι
871 1792 891 1881 ή
911 1801 981 1861 ΒΔ
999 1797 1038 1880 τή
1059 1798 1131 1861 ΔΓ

110 1901 180 1967 ἐστι
202 1899 387 1987 σύμμετρος
410 1899 515 1986 μήκει.

174 2004 253 2073 Ἐάν
276 2003 343 2092 άριι
366 1998 428 2072 ὦσι
453 2007 516 2073 δύο
540 2002 673 2073 εὐθεῖαι
696 2001 818 2085 άνισοι,
841 2003 896 2069 καὶ
919 2001 959 2070 τά
984 2004 1067 2092 ἑξῆς.

591 2239 642 2299 ιή.

174 2336 263 2406 Ἐάν
286 2330 358 2406 οδσι
379 2339 451 2406 δύο
471 2335 631 2405 εὐθεῖαι
651 2334 805 2424 άνισοι,
823 2342 873 2430 τῷ
894 2338 936 2407 δὲ
953 2340 1125 2432 τετάρτῳ

57 2470 92 2519 20
110 2445 219 2532 μέρει
250 2448 320 2512 τοῦ
353 2441 427 2512 άπδ
457 2445 525 2530 τής
554 2441 772 2524 ἐλάσσονος
802 2453 892 2512 λ’σον
922 2443 1024 2532 παρά
1054 2445 1127 2532 τήν

111 2558 271 2639 μείζονα
294 2553 531 2638 παραβληθῇ
552 2551 735 2618 ἐλλεῖπον
755 2556 854 2619 εἴδει
877 2551 1124 2642 τετραγώνῳ,

110 2653 480 2744 καλελςάσάμμετρα
490 2652 614 2740 αὐτὴν
626 2660 765 2744 διαιρή
782 2656 923 2746 [μήκει]
932 2655 1126 2745 ,ἡμείζων

110 2765 177 2848 τής
200 2762 418 2842 ἐλάσσονος
441 2769 576 2848 μεῖζον
597 2761 812 2848 δυνήσεται
836 2766 885 2854 τῷ
907 2760 981 2831 άπὸ
1004 2761 1125 2851 άσυμ-

183 3016 207 3065 2.
234 3009 302 3065 Post
325 3004 412 3081 ἑαυτῇ
436 3010 500 3071 αδδ.
520 3006 605 3081 μήκει
622 3011 656 3066 V.
729 3017 756 3064 4.
781 3010 845 3081 τοῦ]
871 3010 900 3064 in
922 3028 975 3066 ras.
994 3009 1028 3064 V.
1102 3017 1125 3065 8.

112 3075 216 3151 ὁμοίως
230 3076 266 3148 δή
284 3080 319 3135 V.
392 3081 535 3152 δείξομεν]
556 3083 613 3137 δει·
632 3097 702 3135 corr.
723 3097 757 3136 ex
775 3082 822 3150 δή·
841 3082 871 3135 F.
944 3087 968 3134 9.
988 3080 1057 3137 Ροελ
1076 3086 1127 3136 ZA

111 3150 166 3206 del.
186 3168 223 3234 ῳι.
242 3157 271 3206 2:
292 3143 365 3206 οάτω
384 3148 439 3221 μὰρ
457 3148 609 3207 ὑπόκειται
628 3153 660 3208 V.
718 3157 759 3208 10.
779 3154 875 3222 μεῖζον
893 3155 944 3220 τῆς
963 3157 984 3206 A
1002 3150 1032 3204 P.
1086 3158 1126 3208 11.

113 3217 215 3290 ἓνοτής
232 3222 263 3278 P.
337 3228 378 3278 12.
398 3224 464 3295 καί]
485 3241 521 3278 m.
541 3230 557 3278 2
576 3223 605 3279 F.
679 3221 950 3347 vvvoepyovs'qepw
969 3239 985 3277 ο
1003 3240 1073 3277 corr.
1093 3222 1127 3276 V.

146 3293 193 3364 τῇ]
209 3293 370 3367 νοηοκτῳ
381 3294 412 3348 Γ.
465 3299 506 3349 14.
521 3295 555 3366 τή
572 3289 797 3364 ΔΓσάμμετρος
811 3288 870 3348 έστι
909 3293 983 3348 heon
997 3293 1127 3359 (BFVb3

111 3363 224 3435 τῇΔΓ
239 3365 340 3434 postea
358 3365 409 3418 ins.
429 3365 471 3432 F).
523 3362 623 3436 μήκει]
644 3381 698 3419 om.
717 3363 746 3420 P.
776 3361 849 3419 Dein
867 3363 932 3418 add.
952 3363 1062 3419 Theon:
1081 3366 1127 3431 ἴση

112 3429 166 3505 γάρ
184 3430 261 3490 ἔστιν
279 3430 298 3524 j
318 3439 367 3489 ΒΖ
385 3435 419 3505 τῇ
440 3443 465 3489 Δ
474 3439 500 3489 Γ
516 3434 645 3505 (13va
664 3435 696 3506 τῇ
712 3451 781 3489 corr.
796 3434 826 3488 in
840 3436 889 3503 τῆς
903 3439 968 3490 m.2
983 3435 1013 3499 Γ,
1032 3439 1081 3502 τῆς
1096 3437 1126 3501 b;

100 3506 211 3573 MA).
264 3506 355 3577 ωστε]
368 3521 422 3562 om.
437 3506 534 3561 Theon
549 3505 684 3578 (BFVb).
741 3509 794 3559 ΒΓ
809 3500 868 3575 ἄρα
883 3505 980 3560 Theon
992 3505 1126 3574 (BFVb).
