2378 3832
103 153 169 217 232
490 154 691 207 nomm
710 149 737 207 ι’.

105 295 247 382 δυνάμει
270 293 480 382 ἀσύμμετρος
504 286 589 362 οὖσα
611 319 651 382 τῃ
677 294 738 382 ὅλγγ
761 297 905 362 ποιοῦσα
927 291 968 360 τά
991 299 1122 382 προκεί-

104 428 196 489 μενα.
243 403 340 487 λέγω,
365 397 416 469 ὅτι
440 397 460 486 ἡ
489 398 588 486 λοιπὴ
613 397 634 486 ἡ
663 406 733 468 ΑΓ
752 397 875 485 ἀλογός
896 400 988 468 ἐστιν
1016 396 1037 486 ἡ
1066 425 1122 467 κα-

105 509 250 595 λουμένη
275 506 436 576 ἐλάσσων.

168 612 257 683 Ἐπεί
271 614 336 702 γὰρ
355 614 392 683 τὸ
412 615 474 702 μὲν
492 618 712 701 συγκείμενον
731 615 767 681 ἐκ
785 617 854 716 τῶν
872 609 936 680 ἀπὸ
955 615 1024 680 τών
1044 621 1122 700 ΑΒ,

71 744 87 794 5
106 728 172 790 ΒΓ
189 721 410 811 τετραγώνων
433 722 535 808 ῥητόν
560 722 661 806 ἐστιν,
684 718 722 787 τὸ
746 720 783 788 δὲ
802 720 854 800 δὶς
871 715 938 787 ὑπὸ
956 721 1025 787 τών
1043 726 1122 804 ΑΒ,

105 834 172 895 ΒΓ
190 830 304 915 μέσον,
328 827 522 914 ἀσύμμετρα
545 828 611 915 ἀρα
634 827 703 895 ἐστὶ
725 825 766 894 τά
788 823 854 893 ἀπὸ
873 828 942 893 τών
965 831 1041 910 ΑΒ,
1059 831 1127 892 ΒΓ

105 937 150 1024 τῷ
184 935 236 1014 δὶς
263 933 330 1001 ὑπὸ
358 937 532 1018 τώνΑΒ,
556 939 630 1000 ΒΓ·
668 933 723 999 καὶ
746 928 993 1019 ἀναστρέψαντι
1013 937 1116 1022 λοιπῷ

105 1052 150 1130 τῷ
176 1037 240 1107 ἀπὸ
264 1045 322 1126 τῆς
342 1045 410 1108 ΑΓ
429 1037 622 1126 ἀσύμμετρά
642 1036 769 1107 ἐστιτὰ
788 1033 854 1106 ἀπὸ
873 1039 941 1105 τών
960 1043 1036 1120 ΑΒ,
1049 1041 1120 1104 ΒΓ.

106 1143 190 1232 ῥητὰ
220 1144 257 1213 δέ
284 1144 324 1211 τά
353 1142 418 1213 ἀπὸ
446 1149 515 1212 τών
537 1153 618 1230 ΑΒ,
643 1151 718 1213 ΒΓ·
755 1143 881 1228 ἀλογου
905 1142 972 1230 ἀρα
995 1140 1033 1210 τὸ
1058 1138 1124 1210 ἀπὸ

54 1274 87 1323 10
105 1253 165 1338 τῆς
187 1256 265 1318 ΑΓ·
289 1248 411 1336 ἀλογος
434 1249 499 1338 ἀρα
523 1250 542 1338 ἡ
568 1257 644 1319 ΑΓ·
681 1255 850 1318 καλείσθω
874 1249 912 1316 δὲ
935 1248 1126 1316 έλάσσων.

107 1355 189 1443 ὅπερ
213 1361 281 1425 ἔδει
305 1357 418 1436 δεῖξαι.

587 1498 644 1579 οἵ.

171 1618 259 1688 Ἐἀν
283 1618 357 1689 ἀπὸ
382 1617 543 1702 εὐθείας
567 1620 705 1690 εὐθεῖα
730 1620 931 1707 ἀφαιρεθῇ
951 1618 1127 1705 δυνάμει

106 1725 359 1816 ἀσύμμετρος
392 1720 491 1795 οάσα
524 1731 569 1816 τῇ
607 1725 693 1816 ὅλῃ,
730 1725 822 1814 μετά
856 1724 898 1793 δὲ
928 1728 996 1811 τῆς
1030 1723 1127 1812 ὅλης

56 1855 89 1906 15
107 1845 281 1903 ποιοῦσα
304 1834 345 1902 τὸ
371 1834 442 1922 μὲν
466 1839 729 1920 συγκείμενον
753 1834 793 1899 έκ
814 1836 890 1900 τών
910 1828 971 1899 ἀπ’
993 1827 1128 1901 αὐτῶν

107 1941 371 2029 τετραγώνων
395 1942 531 2028 μέσον,
556 1939 597 2008 τὸ
623 1938 665 2008 δὲ
684 1939 744 2019 δὶς
762 1936 824 2007 ὑπ’
846 1935 976 2006 αὐτῶν
995 1938 1128 2027 ῥητόν,

108 2042 128 2132 ἡ
153 2045 271 2132 λοιπὴ
296 2045 440 2132 ἀλογός
464 2048 586 2114 ἐστιν·
614 2051 782 2114 καλείσθω
798 2044 869 2132 δὲὴ
890 2041 984 2131 μετά
1004 2046 1124 2133 ῥητοῦ

108 2152 233 2235 μέσον
255 2148 298 2219 τὸ
324 2149 418 2218 ὅλον
441 2161 619 2220 ποιοῦσα.

172 2251 250 2321 Ἀντό
274 2254 339 2343 γάρ
364 2253 499 2336 εὐθείας
515 2260 575 2342 τῆς
593 2265 659 2325 ΑΒ
679 2255 796 2326 εὐθεῖα
815 2254 1006 2345 ἀφῃρήσθω
1023 2253 1046 2342 ἡ
1064 2261 1130 2323 ΒΓ

55 2386 89 2438 20
110 2358 252 2446 δυνάμει
274 2357 484 2448 ἀσύμμετρος
507 2352 593 2428 οάσα
615 2367 655 2450 τῇ
679 2369 744 2430 ΑΒ
768 2372 911 2430 ποιοῦσα
933 2360 974 2427 τὰ
996 2367 1125 2451 προκεί-

108 2487 205 2553 μενα·
234 2467 330 2553 λέγω,
356 2463 407 2534 ὅτι
429 2463 450 2552 ἡ
475 2465 573 2553 λοιπὴ
597 2464 617 2554 ἡ
638 2474 706 2536 ΑΓ
725 2466 848 2554 ἄλογός
865 2469 955 2535 ἐστιν
975 2465 996 2554 ἡ
1015 2490 1125 2557 ιιροει-

106 2574 242 2662 ωνὲνν·

172 2678 261 2749 Ἐπεὶ
294 2679 358 2768 γάρ
390 2678 427 2747 τὸ
461 2678 522 2767 μὲν
551 2685 770 2766 συγκείμενον
802 2683 837 2748 ἐκ
864 2683 933 2749 τών
962 2674 1029 2747 ἀπὸ
1058 2682 1125 2747 τών

109 2791 185 2870 AB,
204 2792 270 2853 ΒΓ
288 2785 508 2874 τετραγώνων
532 2788 635 2872 μέσον
658 2788 757 2872 ἐστίν,
779 2784 817 2854 τὸ
843 2784 879 2853 δὲ
899 2786 950 2866 δὶς
969 2782 1036 2854 ὑπὸ
1057 2797 1123 2853 τῶν

183 3003 207 3052 1.
234 2989 305 3052 οὖσα
324 2993 500 3068 ἀσύμμετρος
519 2997 552 3051 V.
629 2993 664 3051 τά
682 2998 873 3069 προκείμενα]
899 2994 970 3068 μετά
988 2997 1041 3066 τῆς
1061 2991 1125 3066 ὅλης

109 3067 160 3156 τῆς
177 3072 228 3120 ΑΒ
246 3063 278 3122 τὸ
298 3069 483 3139 συγκείμενον
503 3064 535 3124 ἐκ
554 3069 610 3124 τῶν
630 3064 687 3122 ἀπὸ
707 3073 763 3122 τῶν
785 3073 849 3135 AB,
867 3073 890 3121 Β
897 3072 923 3122 Γ
944 3063 1004 3138 ἅμα
1029 3064 1124 3138 ῥητόν,

109 3157 143 3192 το
162 3135 195 3193 δὲ
214 3137 259 3202 ἃλς
277 3133 333 3193 ὑπὸ
353 3138 410 3193 τών
428 3145 478 3193 ΑΒ
485 3179 495 3207 ,
515 3144 570 3193 ΒΓ
590 3135 651 3209 ἀμα
669 3137 755 3209 μέσον
775 3139 873 3193 Theon
892 3138 1026 3208 (BFVb).
1100 3144 1122 3192 4.

14 3216 19 3221 “
112 3206 183 3281 μέν]
207 3226 243 3264 m.
263 3215 279 3264 2
302 3209 337 3265 V.
409 3211 475 3281 AB]
501 3215 522 3264 Β
546 3210 576 3264 in
598 3227 652 3266 ras.
675 3216 748 3264 m.2
773 3209 803 3264 P.
876 3215 901 3266 5.
925 3209 994 3281 ΒΓ]
1020 3214 1072 3264 ΓΒ
1095 3208 1123 3263 Ρ.

102 3276 399 3423 ’ν”τωαγῶλωίεῆ
415 3280 536 3406 ἶῗεέἀ·
562 3351 585 3405 P
602 3277 660 3337 ἐστι
674 3280 758 3424 {gf
759 3298 800 3405 ἐἴ
803 3296 876 3405 Ἓξ·
895 3280 966 3405 {ab}
986 3279 1050 3404 οδὲ
1070 3279 1123 3405 ὄλ]

111 3414 277 3494 ἀσύμμετροί
298 3419 357 3478 ἔστι
375 3421 410 3477 τά
429 3417 485 3476 ἀπὸ
504 3422 561 3476 τών
579 3427 638 3490 AB,
657 3427 713 3476 ΒΓ
734 3424 780 3492 (m.
795 3429 811 3476 2
826 3421 859 3491 F)
879 3422 916 3495 τῷ
935 3417 992 3477 ἀπὸ
1010 3423 1060 3490 τῆς
1074 3423 1126 3475 ΑΓ

104 3492 190 3565 (buo
208 3498 226 3551 ί
246 3493 334 3552 uerba
353 3509 408 3553 om.
429 3491 461 3566 F)
481 3491 582 3551 Theon
599 3493 736 3565 why.
805 3498 833 3547 (λ.
848 3493 908 3561 Mg.
925 3513 969 3560 γρ,
988 3488 1073 3560 ἀητὸν
1093 3488 1123 3546 δὲ
