2378 3832
111 140 175 205 298
267 117 273 124 ’
497 142 698 195 nmmum<
717 137 743 195 ι.

110 282 221 374 γάνρι,
246 286 292 363 είς
315 279 509 371 ἀσύμμετρα
533 279 640 368 αὐτήν
664 288 773 351 διελεῖ.
819 283 996 370 τετμήσθω
1022 276 1123 370 οὖνή

111 396 188 457 ΛΗ
211 394 288 476 δίχα
315 389 397 458 κατὰ
424 389 462 458 τὸ
488 397 519 457 Ε
544 403 698 476 σημεῖον,
728 391 783 457 καλ
810 399 855 481 τῷ
886 387 951 458 άπὸ
975 393 1034 476 τής
1057 395 1129 456 ΕΗ

112 504 187 563 ίσον
210 494 299 582 παρά
323 493 385 582 τήν
409 502 484 564 AH
503 494 771 584 παραβεβλήσθω
797 497 949 563 ἐλλεῖπον
972 500 1056 564 είδει
1079 521 1125 563 τε·

111 602 272 694 τραγάνῳ
295 602 351 670 καί
375 607 458 670 έστω
482 600 519 670 τὸ
540 600 606 670 ὑπὸ
624 612 691 670 τῶν
711 609 785 687 ΑΖ,
808 607 887 669 ΖΗ·
917 599 1125 689 ἀσύμμετρος

77 706 177 797 χάρα
196 708 286 776 ἐστὶν
310 705 330 795 ή
354 715 419 775 AZ
442 719 481 798 τῇ
507 716 577 776 ΖΗ
595 707 700 796 μήκει.
745 709 801 775 καὶ
824 709 894 776 ἐπεὶ
916 706 1126 795 άσάμμετρός

112 817 201 883 έστιν
220 813 240 902 ή
260 823 336 882 ΑΗ
354 819 393 903 νή
414 821 474 882 ΓΑ
492 814 599 902 μήκει,
622 821 682 883 καί
702 819 787 883 είσιν
811 812 998 901 άμφότεραι
1017 816 1125 901 ῥηταί,

111 922 214 1007 μέσον
243 920 309 1007 άρα
337 921 406 988 ἐστὶ
433 920 470 988 τὸ
500 929 579 990 AK.
625 922 742 1017 πάλιν,
776 921 845 990 ἐπεὶ
873 920 954 1008 ῥητή
987 918 1124 1007 έστινή

111 1034 188 1095 ΛΗ
205 1027 262 1094 καλ
285 1025 472 1114 σύμμετρος
489 1031 528 1116 τή
549 1034 619 1096 ΑΓ
637 1028 743 1115 μήκει,
766 1025 870 1115 ῥητόν
893 1029 962 1095 ἐστι
985 1025 1024 1094 τὸ
1045 1034 1124 1096 ΛΚ.

111 1132 301 1202 συνεστάτω
326 1125 390 1202 οὖν
411 1137 456 1224 τῷ
480 1133 541 1221 μὲν
565 1142 625 1202 ΑΙ
646 1143 721 1203 ίσον
744 1133 953 1220 τετράγωνον
976 1133 1014 1201 τὸ
1040 1140 1125 1218 AM,

59 1269 92 1318 10
111 1243 156 1331 τῷ
180 1239 218 1308 δὲ
242 1247 308 1307 ΖΚ
335 1247 411 1309 ἴσον
437 1240 648 1327 τετράγωνον
677 1238 867 1329 ἀφῃρήσθω
892 1239 930 1307 τὸ
955 1242 1026 1317 ΝΞ
1051 1241 1126 1330 περί

110 1346 173 1432 τήν
201 1344 306 1433 αάτήν
333 1351 462 1432 γωνίαν
489 1345 551 1433 τήν
578 1344 644 1415 ὑπὸ
668 1353 792 1414 ΛΟΜ·
824 1346 899 1434 περὶ
926 1343 988 1432 τήν
1018 1344 1125 1432 αὐτήν

111 1450 177 1540 άρα
206 1451 385 1541 διάμετρόν
413 1456 482 1521 ἐστι
502 1440 548 1520 ’τά
576 1461 666 1539 ΛΜ,
696 1454 765 1530 ΝΞ
791 1451 990 1540 τετράγωνα.
1042 1457 1125 1520 έστω

111 1554 223 1626 αὐτῶν
247 1559 423 1647 διάμετρος
445 1557 465 1647 ή
487 1567 558 1645 ΟΡ,
580 1560 636 1626 καί
658 1559 926 1646 καταγεγράφθω
950 1560 988 1626 τὸ
1006 1562 1126 1646 σχήμα.

111 1661 235 1752 ὁμοίως
254 1664 295 1752 δή
317 1669 479 1752 δείξομεν,
498 1663 549 1734 ὅτι
568 1663 588 1751 ή
605 1672 680 1732 AN
695 1663 837 1732 δύναται
856 1663 893 1732 τὸ
908 1671 975 1731 AB
990 1671 1126 1753 χωρίον.

59 1799 91 1848 15
177 1773 289 1858 Λέγω,
323 1769 374 1840 ὅτι
401 1769 422 1859 ή
451 1779 527 1840 AN
555 1769 575 1858 ή
605 1770 683 1858 μετά
712 1773 816 1859 ῥητοῦ
844 1771 946 1856 μέσον
975 1768 1013 1839 τὸ
1044 1769 1125 1840 ὅλον

109 1880 254 1948 ποιοῦσά
276 1881 375 1947 ἐστιν.

175 1982 263 2052 Ἐπεὶ
290 1983 355 2074 γὰρ
381 1985 484 2072 μέσον
512 1987 647 2072 ἐδείχθη
675 1983 714 2053 τὸ
743 1992 775 2052 A
781 1991 815 2051 K
844 1989 904 2052 καί
929 1987 1019 2052 ἐστιν
1049 1992 1124 2052 ἴσον

109 2105 180 2170 τοῖς
202 2089 267 2159 άπὸ
291 2095 358 2159 τῶν
384 2097 463 2176 AO,
488 2098 570 2176 ΟΝ,
600 2089 637 2159 τὸ
666 2089 731 2179 άρα
755 2095 974 2176 συγκείμενον
998 2092 1034 2158 ἐκ
1057 2095 1125 2159 τῶν

110 2193 175 2263 άπὸ
202 2201 271 2264 τῶν
293 2203 472 2282 ΛΟ,οΝ
496 2198 598 2283 μέσον
627 2199 726 2265 ἐστίν.
776 2195 893 2282 πάλιν,
922 2196 991 2264 ἐπεὶ
1021 2196 1124 2283 ῥητόν

57 2329 92 2378 20
111 2303 180 2368 ἐστι
202 2300 240 2368 τὸ
261 2308 333 2369 ΛΚ
353 2309 412 2370 καί
435 2305 525 2371 ἐστιν
549 2311 625 2370 ἴσον
642 2307 688 2394 τῷ
709 2304 760 2383 δίς
777 2299 843 2370 ὑπὸ
863 2306 931 2370 τῶν
950 2309 982 2368 A
989 2308 1028 2388 0,
1046 2308 1124 2386 ON,

109 2408 166 2474 καὶ
189 2405 270 2476 αὐτὸ
295 2407 398 2495 ῥητόν
426 2410 524 2477 ἐστιν.
574 2409 630 2476 καί
659 2409 728 2476 ἐπεὶ
756 2405 970 2494 άσάμμετρόν
995 2410 1064 2476 ἐστι
1087 2406 1124 2475 τὸ

111 2522 169 2586 ΑΙ
189 2516 234 2606 τῷ
255 2521 329 2602 ΖΚ,
352 2513 565 2603 άσάμμετρον
589 2513 654 2603 άρα
678 2516 747 2583 ἐστὶ
765 2514 820 2582 καί
839 2512 876 2581 τὸ
896 2511 960 2581 άπὸ
978 2518 1039 2600 ’τής
1058 2520 1125 2581 AO

109 2625 155 2714 τῷ
174 2620 239 2690 άπὸ
259 2626 316 2707 τής
336 2629 416 2689 ΟΝ·
441 2625 477 2689 αί
489 2628 567 2706 ΛΟ,
583 2628 656 2689 ΟΝ
670 2620 735 2707 άρα
755 2619 895 2706 δυνάμει
915 2619 1001 2687 εἰσίν
1022 2617 1124 2707 άσύμ-

110 2754 224 2815 μετροι
243 2731 401 2797 ποιοῦσαι
420 2727 457 2797 τὸ
477 2728 538 2815 μέν
557 2732 775 2814 συγκείμενον
795 2728 831 2794 έκ
848 2729 917 2793 τῶν
936 2721 992 2792 ἀπ’
1011 2724 1123 2793 αὐτῶν

57 2860 91 2909 25
109 2832 329 2920 τετραγώνων
360 2836 478 2921 μέσον,
506 2832 544 2902 τὸ
574 2833 612 2902 δὲ
640 2834 692 2913 δὶς
719 2829 776 2900 ὑπ’
803 2827 914 2899 αὐτῶν
943 2831 1057 2918 ῥητόν.
1102 2829 1121 2918 ή

110 2937 208 3025 λοιπή
241 2937 307 3024 άρα
338 2937 359 3025 ή
392 2947 467 3007 AN
495 2938 617 3026 άλογός
650 2942 740 3008 ἐστιν
772 2938 793 3025 ή
825 2937 1013 3023 καλουμένη
1043 2937 1123 3025 μετά

183 3140 206 3188 1.
226 3133 294 3188 Post
312 3135 403 3189 διελεῖ
417 3135 471 3190 del.
491 3131 575 3205 μήκει
593 3133 627 3189 V.
701 3140 725 3188 3.
745 3134 817 3204 ΑΗ]
843 3137 870 3188 H
886 3150 900 3188 e
920 3149 989 3188 corr.
1008 3151 1045 3186 m.
1060 3140 1072 3186 1
1090 3132 1121 3187 V.

146 3212 170 3259 4.
194 3203 243 3276 τό]
265 3222 333 3260 corr.
353 3222 387 3259 ex
405 3207 442 3278 τῷ
461 3206 491 3260 P.
565 3210 589 3260 5.
613 3206 665 3276 τῇ]
692 3220 775 3273 συρτει
794 3221 845 3258 ser.
864 3222 900 3258 m.
922 3210 935 3257 1
956 3205 983 3259 b.
1058 3203 1124 3258 Post

111 3273 194 3345 μήκει
213 3276 277 3330 add.
296 3275 345 3330 καί
364 3272 500 3344 ἤχθωσαν
519 3272 567 3330 διά
587 3277 650 3330 τῶν
663 3279 695 3342 Ε,
713 3278 741 3343 Ζ,
757 3278 787 3328 Η
804 3275 836 3344 τῇ
852 3278 907 3328 ΑΓ
922 3276 954 3343 (A
969 3275 1000 3344 b)
1018 3271 1123 3341 παράλ·

110 3350 187 3416 ληλοι
207 3345 320 3414 αίΕΘ,
340 3351 391 3414 ΖΙ,
412 3351 472 3401 ΗΚ
489 3348 515 3416 b,
535 3365 591 3416 mg.
611 3345 671 3401 FV.
728 3352 752 3401 6.
773 3345 831 3415 ΓΑ]
850 3346 881 3400 in
899 3361 952 3399 ras.
973 3345 1007 3414 V,
1027 3346 1123 3399 AFP.

146 3423 170 3472 8.
190 3420 264 3473 Ante
284 3415 438 3490 σύμμετρος
457 3425 536 3473 ras.1
552 3417 608 3472 litt.
619 3418 652 3473 V.
708 3414 763 3484 άρα
783 3413 845 3471 ἔστί
857 3417 913 3483 Vb,
932 3422 996 3471 m.2
1011 3417 1043 3472 F.
1099 3422 1122 3470 9.

97 3482 208 3546 έστιίτω
230 3493 254 3562 b,
277 3488 349 3548 έστω
371 3491 402 3550 V.
462 3497 504 3549 10.
524 3485 819 3560 τετράγωνονήεορτο
836 3504 888 3542 εον.
906 3487 937 3541 F.
992 3484 1024 3542 τδ
1046 3486 1122 3558 ΝΞ]
