2378 3832
56 160 134 214 xxll
455 164 666 216 PRAEFATIO.

57 329 85 384 p.
109 311 182 383 376,
207 312 262 367 22:
285 308 330 385 οῖ]
353 313 460 371 mutat.
482 313 515 370 in
537 306 554 373 ὁ
576 314 605 372 b.

208 391 362 473 23:1‘1716]
387 397 469 459 inb.
514 392 669 477 11111τῶ1]
692 393 805 461 ducib.

284 488 396 564 πρῶτοί
415 487 484 564 εἰσι]
508 481 624 566 πρῶτός
645 486 724 549 ἐστιν
745 489 775 548 b.

208 579 263 635 24:
288 575 333 652 οἱ]
358 600 369 636 ι
392 597 467 636 eras.
491 579 519 637 b.

60 684 88 738 p.
113 666 186 739 2578,
234 668 266 723 1:
289 665 401 742 πρῶτοί
421 664 507 741 εἰσιν]
530 660 644 743 πρῶτός
666 664 744 726 ἔστιν
766 658 795 726 b.

231 757 264 812 2:
287 751 341 830 ἔτι]
366 774 422 815 om.
446 755 478 831 b3
501 752 552 813 καὶ
573 753 614 814 ἔτι
638 774 730 832 supra
752 774 809 816 scr.
831 776 871 817 m.
893 775 952 817 reo.

284 840 328 918 of]
353 866 365 901 ι
387 862 460 902 eras.
484 844 513 904 b.

230 933 262 990 3:
285 931 398 1010 πρῶτοί
416 930 503 1009 εἰσιν]
526 923 643 1010 πρῶτός
665 929 742 993 ἔστιν
764 934 793 995 b.

124 1056 248 1114 Praeter
279 1075 394 1116 errores
426 1074 517 1133 supra
551 1057 613 1116 suis
650 1057 723 1117 locis
754 1058 786 1116 in
823 1058 1072 1123 adnotationibus

57 1148 217 1220 correctos,
244 1145 349 1222 quiin
371 1145 580 1206 collationibus
602 1146 738 1206 codicum
760 1147 916 1207 enotandis
939 1150 1071 1226 irrepse-
1114 1142 1117 1211 ἶ

56 1236 135 1309 runt,
153 1252 247 1291 unum
265 1234 458 1309 deprehendi3
477 1254 547 1294 nam
565 1256 593 1312 p.
613 1238 676 1296 392
695 1235 728 1293 in
746 1234 941 1297 adnotatione
959 1239 1072 1298 adden·
1106 1224 1117 1319 ,1

56 1322 127 1380 dum
151 1325 209 1381 est:
233 1324 302 1396 ,,10.
324 1321 396 1398 τῶν]
421 1318 479 1403 ἄρα
499 1326 559 1383 τῶν
580 1320 721 1400 Brvqf‘

454 1496 667 1506 —-.-—-.—..-—

128 1619 286 1696 Quoniam
306 1620 437 1687 collatio
457 1621 577 1686 codicis
596 1620 765 1686 Bodleiani
783 1621 817 1685 in
836 1621 919 1687 libro
933 1622 1075 1711 decimo,

57 1750 153 1812 quam
179 1727 261 1793 alius
277 1729 516 1794 conficiendam
540 1727 696 1811 suscepit,
726 1727 871 1792 nondum
892 1727 988 1793 finita
1010 1733 1075 1816 est,

60 1838 211 1918 quartum
235 1835 477 1901 Elementorum
501 1835 654 1901 uolumen
676 1833 778 1898 libros
809 1834 1074 1903 stereometricos

58 1941 230 2006 continens
259 1948 334 2006 ante
357 1943 489 2007 tertium
516 1940 661 2025 prodibit
684 1943 716 2003 11
738 1940 772 2004 id
794 1940 902 2024 ipsum
928 1939 1074 2008 fortasse

56 2047 166 2130 paullo
194 2047 332 2132 tardius,
365 2049 440 2132 quia
467 2048 528 2112 hoc
557 2068 683 2132 quoque
712 2069 810 2126 anno,
841 2045 1073 2115 Ministerio

57 2154 159 2217 cultui
177 2153 361 2239 scholisque
383 2153 582 2239 praesidenti
599 2176 712 2219 rursus
733 2153 960 2219 liberalissime
980 2154 1073 2221 adiu-

57 2265 166 2346 uante,
188 2261 362 2327 interuenit
384 2262 446 2326 iter
463 2261 615 2326 Italicum
637 2262 738 2326 trium
756 2259 926 2343 mensium,
947 2259 1072 2345 inquo

57 2369 182 2433 codices
204 2368 402 2433 scholiorum
422 2372 455 2433 et
473 2391 606 2453 operum
629 2369 791 2433 minorum
814 2365 955 2430 maxime
974 2364 1073 2433 Uati-

57 2496 155 2540 canos
178 2477 399 2559 perscrutatus
423 2497 503 2541 sum.
539 2497 633 2560 quem
656 2475 800 2539 laborem
824 2474 951 2537 uttam
974 2470 1074 2538 breui

58 2584 204 2666 tempore
225 2581 378 2646 adfinem
397 2580 569 2665 perducere
591 2603 731 2665 possem,
754 2581 929 2645 effecerunt
948 2580 1074 2645 summi

55 2687 119 2752 uiri
137 2686 239 2753 Mons.
258 2686 449 2753 Ciocolini
467 2693 500 2754 et
518 2689 553 2753 Ρ.
572 2688 705 2772 Bollig
723 2686 755 2751 S.
768 2685 808 2771 1.,
826 2681 1074 2752 bibliothecarii

56 2793 217 2879 Uaticani,
236 2816 371 2879 quorum
384 2795 621 2860 humanitatem
635 2792 958 2874 beneuolentiamque
972 2795 1073 2874 grato

56 2922 93 2965 ac
116 2900 231 2967 libenti
254 2903 362 2967 animo
387 2923 537 2987 agnosco.

151 3024 216 3092 Ser.
239 3026 387 3092 Hauniae
410 3049 519 3093 mense
544 3026 714 3092 Decembri
737 3021 1072 3092 MDOCOLXXXIII.
