2378 3832
116 171 181 234 246
502 170 703 223 mmmm*
721 165 748 223 ι’.
841 160 844 165 ’

117 310 251 399 αρμόζει
279 308 396 378 εὐδεῖα
424 311 506 397 μέση
535 309 677 397 δυνάμει
704 309 811 397 μόνον
835 307 1020 396 σύμμετρος
1044 299 1132 374 οὖσα

115 427 156 505 τῇ
180 415 250 505 ὅλη,
274 416 354 504 μετὰ
375 417 412 485 δὲ
430 420 488 504 τῆς
507 414 586 503 ὅλης
604 418 707 503 μέσον
725 415 936 502 περιέχουσα·
960 411 1043 501 ὅπερ
1063 416 1132 481 ἔδει

117 524 230 604 δεῖξαι.

589 609 657 691 πβ’.

79 757 97 807 ο
186 740 237 822 Τῇ
262 736 450 804 ἐλάσσονι
474 739 541 821 μία
560 736 685 822 μόνον
704 731 972 820 προσαρμόζει
989 728 1132 799 εὑδεῑα

116 840 281 927 δυνάμει
301 839 555 929 ἀσύμμετρος
574 833 675 909 οὖσα
692 844 735 928 τῇ
756 838 827 928 ὅλη
846 841 1019 906 ποιοῦσα
1038 842 1130 925 μετά

114 949 181 1032 τῆς
205 943 297 1032 ὅλης
318 946 360 1014 τό
386 946 456 1032 μὲν
480 948 519 1014 έιι
537 949 615 1014 τόν
634 943 696 1014 ἀπ’
719 943 850 1014 αὐτόν
868 942 1125 1032 τετραγώνων

116 1051 252 1139 ῥητόν,
274 1051 319 1121 τὸ
344 1052 386 1120 δὲ
410 1052 470 1130 δὶς
493 1047 555 1120 ὑπ’
582 1049 712 1120 αὐτῶν
736 1054 865 1139 μέσον.

172 1155 281 1225 Ἔστω
300 1155 320 1244 ἡ
341 1158 492 1226 ἐλάσσων
510 1156 530 1244 ἡ
546 1168 578 1225 Α
584 1166 623 1244 Β,
642 1159 698 1226 καὶ
712 1161 753 1247 τῇ
768 1166 833 1226 ΑΒ
851 1156 1131 1244 προσαρμόζουσα

65 1286 99 1336 10
117 1267 200 1330 ἔστω
220 1260 241 1349 ἡ
261 1268 334 1331 ΒΓ·
359 1266 396 1330 αί
408 1261 473 1351 άρα
488 1273 520 1330 Α
525 1270 564 1349 Γ,
577 1270 639 1333 ΓΒ
660 1263 801 1350 δυνάμει
820 1263 906 1332 είσὶν
925 1259 1132 1349 άσόμμετροι

113 1370 272 1436 ποιοῦσαι
294 1367 332 1436 τὸ
356 1367 417 1454 μὲν
435 1375 654 1456 συγκείμενον
671 1371 706 1436 έιι
724 1372 794 1437 τάν
811 1364 867 1435 ἄπ’
889 1365 1002 1434 αὐτῶν
1020 1392 1132 1455 τετρα·

114 1472 235 1560 γιόνων
259 1476 371 1561 ῥητόν,
394 1472 432 1542 τὸ
458 1473 496 1542 δὲ
519 1475 571 1554 δὶς
592 1472 650 1542 ὑπ’
677 1471 790 1542 αὐτῶν
813 1474 928 1560 μέσον·
956 1473 1054 1558 λέγω,
1081 1470 1133 1540 ὅτι

114 1583 154 1667 τῇ
172 1587 204 1646 Α
210 1587 238 1647 Β
257 1579 352 1666 ἑτέρα
372 1577 489 1648 εὐθεῖα
509 1577 549 1647 οὑ
567 1580 795 1668 προσαρμόσει
813 1577 853 1647 τά
873 1576 957 1645 αι’πόι
977 1582 1132 1648 ποιοῦσα.

179 1689 220 1753 Εἰ
236 1685 301 1774 γάρ
321 1688 482 1772 δυνατόν,
501 1687 756 1774 προσαρμοζέτω
775 1682 796 1771 ἡ
815 1692 896 1752 ΒΛ·
919 1687 974 1750 παὶ
994 1686 1032 1750 αί
1048 1693 1132 1770 ΑΔ,

64 1813 97 1864 15
116 1798 183 1858 ΔΒ
212 1790 277 1877 άρα
305 1791 447 1879 δυνάμει
475 1792 561 1860 είσὶν
584 1789 789 1879 άσόμμετροι
812 1792 969 1857 ποιοῦσαι
987 1793 1028 1857 τά
1051 1813 1133 1879 προ-

114 1899 281 1985 ειρημένα.
317 1899 373 1967 καὶ
397 1901 476 1984 έπεί,
500 1889 528 1992 ᾧ
551 1895 701 1986 ὑπερέχει
723 1895 764 1964 τά
788 1893 853 1964 άπὸ
872 1898 941 1963 τεόν
960 1904 1042 1982 ΑΛ,
1064 1903 1130 1964 ΛΒ

114 2009 182 2072 τῶν
215 2003 280 2074 άπὸ
308 2016 376 2075 τῶν
402 2012 483 2093 ΑΓ,
507 2011 584 2091 ΓΒ,
616 2003 725 2094 τούτῳ
754 2000 909 2089 ὑπερέχει
934 2001 988 2068 καὶ
1017 2000 1056 2069 τὸ
1081 2003 1132 2082 δὶς

114 2108 181 2177 ὑπὸ
208 2121 277 2178 τῶν
299 2119 381 2197 ΑΛ,
405 2119 472 2179 ΔΒ
495 2115 556 2180 τοῦ
580 2113 633 2192 δὶς
654 2108 721 2179 ὑπὸ
745 2112 812 2177 τεόν
837 2113 914 2193 ΑΓ,
933 2114 1007 2193 ΓΒ,
1030 2105 1072 2175 τά
1093 2107 1129 2176 δδ

115 2211 180 2280 άπὸ
204 2219 273 2282 τῶν
296 2223 375 2301 ΑΔ,
399 2224 465 2283 ΔΒ
488 2217 680 2303 τετράγωνα
701 2219 770 2284 τῶν
791 2211 856 2283 άπὸ
880 2217 949 2282 των
972 2222 1004 2280 A
1011 2218 1049 2298 Γ,
1068 2218 1129 2282 ΓΒ

65 2342 101 2391 20
117 2320 336 2407 τετραγώνων
354 2318 505 2406 ὑπερέχει
523 2323 626 2413 ῥητῷ·
650 2321 734 2409 ῥητά
751 2319 817 2409 γάρ
836 2323 927 2389 ἐστιν
946 2315 1129 2407 ἀμφότερα·

115 2424 171 2492 καὶ
194 2424 233 2492 τὸ
256 2425 309 2505 δὶς
330 2423 396 2493 ὑπὸ
422 2429 490 2493 τῶν
512 2435 599 2512 ΑΔ,
623 2435 690 2495 ΔΒ
718 2424 786 2514 άρα
812 2435 874 2492 τοῦ
897 2425 951 2503 δὶς
972 2422 1039 2492 ὑπὸ
1062 2434 1130 2494 τῶν

115 2537 191 2618 ΑΓ,
215 2536 276 2599 ΓΒ
299 2529 451 2619 ὑπερέχει
474 2534 579 2622 ῥητῷ·
610 2530 691 2621 ὅπερ
716 2531 807 2600 ἐστὶν
829 2529 1015 2598 άδάνατον·
1047 2532 1130 2616 μέσα

114 2637 179 2724 γάρ
205 2639 295 2706 ἐστιν
317 2634 498 2725 άμφότερα.

186 2745 233 2830 Τῇ
261 2740 327 2829 άρα
354 2741 511 2810 ἐλάσσονι
534 2742 598 2829 ’μία
626 2741 734 2830 μόνον
762 2741 983 2831 προσαρμόζει
1013 2739 1130 2810 εὐθεῖα

63 2867 98 2919 25
116 2846 259 2932 δυνάμει
282 2843 491 2936 ἀσύμμετρος
514 2840 600 2917 οὖσα
622 2852 662 2937 τῇ
687 2846 748 2936 ὅλη
771 2847 828 2915 καὶ
846 2851 990 2916 ποιοῦσα
1008 2847 1049 2914 τά
1069 2847 1129 2934 μὲν

190 3011 214 3059 1.
234 2999 339 3058 εόδεῑα
358 3036 389 3046 -
411 3002 499 3076 μόνον
531 3025 585 3063 om.
605 3007 635 3062 P.
703 3012 727 3061 2.
747 3002 817 3076 ὅπερ
838 3005 897 3062 ἔδει
916 3006 1020 3077 δεῖξαι]
1041 3023 1102 3061 eom
1123 3046 1130 3059 .

110 3075 149 3144 ,R
168 3091 223 3162 om:
241 3072 354 3158 BFYb.
408 3083 434 3132 4.
452 3079 516 3150 πβ]
537 3094 606 3132 corr.
621 3094 656 3132 ex
669 3075 719 3146 πγ’
737 3077 768 3132 P.
823 3083 847 3132 ὅ.
863 3075 936 3148 μόνη
950 3077 984 3144 V,
1004 3023 1122 3146 μόν“ηὸ

152 3151 179 3201 9.
200 3145 237 3216 η]
264 3147 363 3216 (pnus)
382 3147 433 3205 ins.
453 3167 490 3204 m.
509 3155 525 3204 2
544 3148 573 3205 F.
658 3153 700 3202 10.
724 3144 796 3217 ἄρα]
822 3164 906 3219 supra
930 3163 982 3202 εστ.
1005 3164 1042 3202 m.
1063 3152 1077 3199 1
1097 3146 1129 3201 V.

155 3210 307 3287 σόμμειροι
328 3217 359 3273 F.
443 3224 484 3276 13.
509 3219 561 3290 τῇ]
585 3235 656 3275 corr.
675 3236 709 3273 ex
727 3214 745 3288 ἡ
765 3237 801 3274 m.
822 3225 838 3273 2
858 3221 887 3274 F.
970 3212 1067 3285 ἕτέραι
1086 3211 1130 3272 εό-

117 3287 201 3345 θείαι
218 3287 249 3343 1⁴¹.
321 3287 510 3360 προσαρμόζει
528 3290 555 3346 b.
630 3295 671 3344 14.
691 3290 756 3360 ιιαί]
782 3305 836 3344 om.
855 3288 886 3344 B.
959 3285 1007 3359 αί]
1031 3304 1084 3343 om.
1103 3287 1129 3340 b.

156 3361 199 3413 1⁶.
216 3357 291 3413 Anto
310 3357 382 3415 εἰσίν
399 3376 455 3415 ras.
475 3366 492 3414 4
510 3360 566 3416 litt.
585 3359 618 3415 V.
691 3356 740 3432 τά]
759 3356 791 3415 τό
811 3360 844 3427 V,
865 3363 894 3415 et
912 3359 943 3423 F,
961 3376 1031 3414 corr.
1050 3377 1086 3413 m.
1106 3364 1130 3412 λ.

110 3484 113 3491 .
153 3430 272 3517 προειρη
295 3426 377 3519 ίναχ
392 3428 444 3500 μὲν
471 3425 531 3518 άιχό
555 3431 613 3485 τῶν
635 3436 703 3496 ΑΔ,
722 3433 851 3518 Δ(Β,(ιυ.”
870 3437 886 3484 2
910 3430 942 3496 F)
970 3426 1132 3498 τετράγωνα

106 3504 247 3571 (γωνων
295 3500 330 3576 V)
354 3523 415 3576 αμα
441 3496 542 3577 όητον,
566 3499 599 3557 τὸ
623 3499 655 3558 δε
680 3501 724 3564 δὶς
743 3521 799 3555 οπο
818 3521 873 3553 των
896 3506 961 3566 ΑΔ,
980 3505 1030 3552 ΔΒ
1048 3497 1132 3567 μέσον
