2378 3832
108 128 175 192 410
523 129 712 181 APPENDIX

109 269 297 357 ἐπειδήπερ,
311 268 372 337 ἐὰν
385 268 538 351 περισσοὶ
553 266 694 357 άριθμοὶ
705 265 888 336 ὁποσοιοῦν
903 269 1125 350 συντεθῶσιν,

108 376 146 444 τὸ
162 375 200 444 δὲ
215 380 345 462 πλῆθος
358 373 471 444 αὐτῶν
485 373 646 463 περισσὸν
661 367 694 463 ᾖ,
718 371 736 442 5
757 373 835 454 ὅλος
847 371 1005 462 περισσός
1020 374 1124 438 ἐστιν·

110 479 127 548 5
153 489 216 549 ΕΖ
239 480 305 570 άριι
328 480 443 571 άρτιός
466 483 565 550 ἐστιν.
610 479 786 568 τετμήσθω
815 485 892 568 δίχα
919 477 1001 546 κατά
1026 475 1063 546 τὸ
1089 484 1124 545 Θ.

108 588 163 654 καὶ
183 589 252 656 ἐπεὶ
273 592 307 656 ολ
324 596 397 673 ΕΖ,
417 595 456 655 Η
469 587 639 673 ἐλάχιστοί
655 592 719 655 εἰσι
739 597 806 655 τῶν
825 584 885 654 τὸν
900 583 1006 653 αὐτὸν
1020 582 1124 671 λόγον

74 693 253 780 ςὲχόντων
279 691 435 780 [αὐτοῖς],
466 697 592 781 πρῶτοι
619 692 705 781 πρὸς
732 691 897 780 ἀλλήλους
924 696 1020 760 εἰσίν.
1070 691 1125 759 καὶ

110 798 127 867 5
152 806 215 867 EZ
243 798 370 888 άρτιος·
405 798 563 887 περισσὸς
590 797 655 885 άροι
684 799 774 867 ἐστὶν
803 796 821 867 5
846 806 888 866 H.
934 803 965 865 εἰ
992 795 1058 883 γάρ
1082 789 1125 882 ήν

111 904 238 991 άρτιος,
270 906 349 986 τοὺς
376 914 455 992 ΕΖ,
478 913 517 973 Η
541 904 625 985 δυάς
653 906 791 992 ἐμέτρει·
829 909 894 985 πάς
920 907 986 990 γάρ
1010 902 1126 989 άρτιος

109 1018 175 1097 ἔχει
193 1014 293 1099 μέρος
310 1009 427 1098 ήμισυ·
455 1011 607 1097 πρώτους
626 1010 725 1092 ὄντας
743 1014 826 1101 πρὸς
839 1007 1017 1097 άλλήλους·
1044 1008 1125 1095 ὅπερ

109 1117 200 1185 ἐστὶν
224 1115 403 1186 άδάνοιτον.
434 1115 496 1186 οὐκ
518 1117 585 1205 άροι
604 1116 718 1202 άρτιός
741 1120 831 1186 ἐστιν
856 1114 874 1184 5
898 1123 943 1183 Η·
967 1114 1127 1204 περισσὸς

58 1253 90 1301 10
109 1222 183 1308 άριι.
218 1223 275 1291 καὶ
299 1224 368 1292 ἐπεὶ
392 1222 567 1304 διπλάσιος
591 1221 608 1291 5
629 1231 691 1290 EZ
709 1234 771 1291 τοῦ
790 1229 862 1310 ΕΘ,
884 1221 1127 1309 τετραπλάσιος

109 1327 175 1413 άρα
199 1327 216 1395 5
236 1328 302 1397 άπὸ
321 1336 384 1396 ΕΖ
406 1332 467 1397 τοῦ
487 1328 551 1396 ἀπὸ
572 1337 642 1396 ΕΘ.
672 1329 845 1408 διπλάσιος
868 1328 906 1396 δὲ
928 1327 947 1395 5
972 1327 1039 1396 άπὸ
1064 1331 1127 1396 τοῦ

110 1441 172 1501 ΕΖ
195 1437 256 1501 τοῦ
275 1431 340 1501 άπὸ
361 1439 422 1502 τοῦ
436 1442 482 1502 Η·
507 1434 682 1514 διπλάσιος
704 1432 770 1520 άροι
794 1432 812 1502 5
837 1431 901 1502 άπὸ
924 1438 985 1502 τοῦ
1004 1441 1046 1501 Η
1065 1438 1127 1502 τοῦ

109 1537 175 1606 άπὸ
200 1546 274 1607 ΕΘ·
298 1538 411 1629 άρτιος
433 1540 498 1628 άρα
521 1541 612 1609 ἐστὶν
637 1539 654 1608 5
678 1538 743 1608 άπὸ
766 1551 828 1607 τοῦ
850 1547 893 1609 Η.
921 1539 1038 1628 άρτιος
1058 1539 1129 1626 άροι

110 1644 165 1712 διὰ
188 1644 228 1712 τὰ
252 1648 409 1735 εἰρημένα
433 1644 450 1714 5
474 1653 521 1714 Η·
555 1645 639 1715 άλλά
661 1647 716 1714 καὶ
736 1644 905 1731 περισσός·
930 1644 1012 1731 ὅπερ
1033 1646 1127 1714 ἐστὶν

58 1782 91 1830 15
110 1751 289 1822 άδύνατον.
336 1750 397 1820 οὐκ
425 1751 489 1841 άροι
517 1752 701 1839 σύμμετρός
730 1754 821 1821 ἐστιν
848 1749 868 1838 ή
898 1757 958 1819 ΓΑ
984 1756 1026 1840 τή
1060 1761 1128 1821 ΑΒ

109 1858 217 1945 μήκει*
247 1856 327 1948 ὅπερ
352 1863 419 1927 ἔδει
443 1861 556 1939 δεῖξαι.
658 1918 661 1925 ,

534 2069 687 2150 Ἄλλως.

177 2197 352 2278 [Δεικτέον
374 2196 429 2262 καὶ
453 2195 583 2281 ἑτέρως,
606 2192 657 2262 ὅτι
681 2192 891 2282 ἀσύμμετρός
910 2196 1002 2264 ἐστιν
1021 2192 1043 2282 ἡ
1064 2201 1127 2266 τοῦ

109 2301 320 2388 τετραγώνου
344 2299 519 2390 διάμετρος
541 2303 581 2390 τῇ
605 2304 757 2389 πλενρᾷ].

57 2434 90 2483 νο
127 2429 137 2436 ’
167 2405 275 2475 Ἔστω
304 2405 380 2474 ἀντὶ
407 2407 469 2494 μὲν
496 2411 555 2493 τής
582 2407 761 2494 διαμέτρου
783 2405 804 2494 ἡ
828 2416 876 2494 Α,
904 2407 981 2476 άντὶ
1005 2408 1045 2476 δὲ
1069 2413 1128 2496 τής

110 2517 254 2603 πλευρᾶς
276 2510 297 2599 ή
320 2520 361 2580 Β·
388 2514 485 2598 λέγω,
509 2510 560 2580 ὅτι
584 2510 793 2600 ἀσύμμετρός
815 2514 949 2601 ἐστινὴ
976 2523 1008 2582 Α
1032 2520 1075 2605 τῇ
1098 2523 1127 2583 Β

110 2620 214 2706 μήκει.
242 2625 272 2688 εἰ
285 2619 349 2707 γάρ
365 2617 522 2704 δυνατόν,
541 2624 624 2687 έστω
640 2625 850 2709 [σύμμετρος
873 2622 929 2688 κοιλ
942 2623 1127 2707 γεγονέτω]

109 2727 211 2794 πάλιν
235 2723 281 2805 ὡς
302 2723 369 2811 ήΑ
393 2723 476 2814 πρὸς
493 2722 555 2811 τήν
569 2733 608 2813 Β,
631 2724 737 2806 οὕτως
756 2723 773 2794 5
789 2733 851 2792 ΕΖ
875 2725 1022 2814 ἀριθμὸς
1041 2727 1127 2817 πρὸς

109 2831 169 2900 τὸν
193 2839 239 2919 Η,
266 2832 322 2898 καὶ
345 2836 494 2900 έστωσοιν
523 2831 689 2919 ἐλάχιστοι
716 2835 783 2899 τῶν
806 2829 993 2900 τὸνοιάτὸν
1018 2836 1126 2920 λόγον

57 2962 91 3012 25
111 2937 256 3024 ἐχόντων
275 2937 388 3017 αὐτοῖς
407 2941 442 3006 ολ
460 2944 532 3024 ΕΖ,
551 2945 597 3005 Η·
622 2941 658 3005 ολ
675 2945 746 3023 ΕΖ,
765 2945 805 3005 Η
819 2935 884 3026 άροι
898 2943 1026 3027 πρῶτοι
1042 2939 1125 3028 πρὸς

182 3193 206 3241 1,
227 3187 384 3241 συντεθῶσι
403 3185 492 3240 PFV.
552 3191 577 3238 2.
597 3181 626 3256 5]
646 3203 699 3241 om.
720 3186 751 3254 Β,
770 3182 933 3241 κοιλὸΕὝ.
988 3192 1015 3240 3.
1037 3183 1123 3254 ἐστιν]

111 3273 200 3326 comp.
219 3258 273 3324 Fb,
293 3254 457 3312 ἐστιΡΒῩ.
524 3257 559 3326 Θ]
581 3273 595 3310 e
615 3273 684 3311 corr.
702 3257 734 3312 B.
808 3263 833 3312 4.
854 3261 884 3310 Η
900 3250 1026 3326 άριδμοί
1041 3257 1122 3312 BFb.

144 3334 168 3383 ο,
190 3323 299 3400 αὐτοῖς]
319 3346 372 3382 om.
392 3327 422 3381 P.
495 3326 553 3382 εἰσί
567 3325 657 3395 PVb‚
681 3344 770 3397 comp.
791 3326 819 3382 F.
892 3328 957 3399 ναί]
977 3329 1033 3381 καί
1048 3325 1123 3383 ἐστιν

96 3400 185 3458 BFb.
264 3408 287 3460 7.
310 3405 411 3474 μετρεῖ
423 3398 457 3470 Ε,
475 3415 545 3455 cort.
562 3416 601 3452 m.
617 3404 650 3464 (λς
671 3392 706 3452 δν
726 3394 835 3468 ἐμέτρει
854 3399 923 3453 bene
943 3398 1007 3452 edd.
1084 3405 1123 3453 10.

89 3474 262 3552 διπλάσιος]
283 3470 440 3540 διπλάσιός
458 3470 534 3530 ἔστιν
551 3470 587 3542 Ε,
605 3471 757 3525 διπλασίων
777 3465 850 3521 ἒστλυ
861 3468 942 3520 w
990 3475 1035 3523 u,
1052 3464 1123 3540 άπό]
