2378 3832
108 155 172 220 136
494 155 695 207 Σεοεκεεεευ
713 151 740 208 ι’.

445 294 561 383 Ὅροι
585 295 776 384 δεύτεροι.

151 421 191 488 α’.
218 418 452 508 Ὑποκειμένης
480 422 581 507 ῥητῆς
607 421 664 487 καί
693 423 751 506 τής
781 420 817 487 ἐκ
848 417 911 487 δύο
946 416 1124 506 ὀνομάτων

107 529 309 616 ὀιηρημένης
333 532 379 607 είς
407 525 448 595 τά
478 525 643 614 ὀνόματα,
670 517 710 613 ής
731 525 770 594 τὸ
794 531 907 612 μεῖζον
932 524 1041 612 ὄνομα
1064 531 1125 595 τοῦ

107 633 288 714 ἐλάσσονος
315 640 428 720 μεῖζον
459 631 599 701 δύναται
629 635 675 724 τῷ
705 630 770 701 άπὸ
801 633 994 720 συμμέτρου
1025 632 1125 721 ἑαυτή

72 739 219 828 σμήνει,
248 739 309 809 ἐὰν
336 741 397 827 μὲν
426 738 464 808 τὸ
492 745 604 826 μεῖζον
632 737 740 826 ὄνομα
769 738 960 826 σύμμετρον
983 729 1005 827 ή
1029 738 1125 826 μήκει

106 850 146 934 τή
171 848 341 934 ἐκκειμένῃ
365 848 459 933 ῥητή,
481 848 649 913 καλείσθω
671 846 704 932 [ἡ
724 842 800 932 ὅλη]
825 843 956 913 ἐκδύο
981 843 1122 932 ὀνομά-

27 1030 32 1039 .
107 976 184 1020 των
207 951 346 1038 κράτη.

174 1057 214 1143 β’.
243 1054 322 1124 Ἐάν
346 1057 384 1125 δὲ
406 1054 444 1126 τὸ
466 1056 610 1125 ἐλάσσον
635 1056 743 1145 ὄνομα
770 1056 960 1145 σύμμετρον
984 1047 1006 1145 ᾖ
1032 1054 1128 1144 μήκει

107 1167 147 1252 τῇ
180 1163 349 1251 ἐκκειμένη
387 1166 486 1251 ῥητή,
522 1168 692 1232 καλείσθω
729 1165 769 1231 ἐκ
806 1164 876 1232 δύο
915 1161 1128 1250 ὀνομάτων

56 1293 89 1342 10
109 1269 284 1354 δευτέρα.

174 1375 213 1460 γ’.
244 1372 322 1442 Ἐάν
351 1375 388 1443 δέ
415 1376 598 1464 μηδέτερον
625 1381 694 1445 τῶν
725 1373 900 1462 ὀνομάτων
934 1373 1131 1462 σύμμετρον

107 1471 128 1570 ᾖ
148 1480 246 1568 μήκει
264 1484 304 1570 τῇ
324 1484 494 1571 ἐκκειμένῃ
514 1484 610 1570 ῥητή,
632 1488 802 1551 καλείσθω
823 1484 863 1550 ἐκ
885 1481 957 1549 δύο
983 1479 1132 1569 ὀνομά-

107 1612 184 1656 των
212 1593 334 1677 τρίτη.

176 1695 215 1763 (ί.
249 1696 360 1763 Πάλιν
380 1693 422 1782 δή
443 1693 502 1762 ἐὰν
521 1694 558 1763 τὸ
578 1701 690 1781 μεῖζον
710 1693 818 1781 ὄνομα
838 1699 912 1777 [τοῦ
929 1691 1134 1782 ἐλάσσονος]

57 1824 90 1872 15
109 1808 221 1888 μεῖζον
245 1801 387 1889 δύνηται
410 1806 455 1893 τῷ
479 1798 545 1869 άπὸ
569 1798 783 1889 ἀσυμμέτρου
806 1801 905 1891 ἑαντή
930 1799 1040 1888 μήκει,
1071 1801 1135 1872 ἐὰν

108 1907 170 1994 μὲν
194 1906 232 1975 τὸ
256 1915 367 1993 μεῖζον
391 1905 498 1994 ὄνομα
522 1905 713 1994 σύμμετρον
733 1898 754 1995 ᾗ
774 1907 871 1993 μήκει
894 1917 933 1995 τῇ
955 1909 1133 1998 ἐκκειμένῃ

109 2015 208 2102 ῥητή,
232 2020 400 2082 καλείσθω
425 2016 467 2081 ἐκ
491 2013 564 2082 δύο
588 2011 797 2100 ὀνομάτων
821 2006 995 2100 τετάρτη.

177 2117 210 2185 ε’.
241 2116 320 2186 Ἐάν
344 2119 381 2187 δέ
403 2119 440 2186 τὸ
466 2123 620 2206 ἔλασσον,
645 2121 804 2206 πέμπτη.

177 2221 214 2291 ζ’.
243 2223 322 2292 Ἐάν
347 2223 384 2291 δέ
407 2226 600 2311 μηδέτερον,
625 2227 722 2311 ἕκτη.

55 2461 91 2510 20
586 2446 649 2504 μη·

178 2542 328 2632 Εὑρεῖν
350 2541 421 2628 τήν
445 2545 485 2611 ἐκ
510 2543 581 2611 ὀάο
606 2540 813 2629 ὀνομάτων
836 2543 1004 2630 πρωτην.

173 2651 421 2719 Ἐκκείσθωσαν
451 2648 514 2717 δύο
542 2646 684 2735 άριθμοὶ
708 2652 743 2718 οί
763 2656 838 2736 ΑΓ,
860 2656 936 2736 ΓΒ,
961 2647 1046 2720 ὥστε
1069 2651 1127 2720 τὸν

110 2761 329 2843 συγκείμενον
349 2757 382 2837 ἐξ
401 2753 514 2824 αὐτῶν
533 2758 593 2823 τὸν
612 2763 678 2823 ΑΒ
697 2755 781 2842 πρὸς
799 2755 861 2842 μὲν
879 2753 939 2824 τὸν
953 2764 1016 2825 ΒΓ
1026 2758 1127 2844 λόγον

110 2866 215 2948 ἔχειν,
244 2858 285 2929 ὃν
312 2861 520 2949 τετράγωνος
548 2859 695 2950 άριθμὸς
717 2861 802 2948 πρὸς
823 2861 1036 2950 τετράγωνον
1060 2860 1128 2950 άρι·

61 2991 95 3042 τε
116 2966 220 3054 θμόν,
243 2966 327 3056 πρὸς
355 2968 393 3036 δὲ
414 2967 475 3035 τὸν
499 2973 563 3035 ΓΑ
582 2966 686 3054 λόγον
708 2964 753 3054 μὴ
778 2971 881 3054 ἔχειν,
904 2963 946 3035 ὃν
967 2967 1131 3055 τετράγω-

112 3101 173 3155 νος
196 3071 343 3160 άριθμός
365 3072 449 3162 πρὸς
471 3072 682 3162 τετράγωνον
706 3072 864 3161 ἀριθμόν,
887 3073 943 3141 καὶ
966 3074 1130 3142 ἐκκείσθω

190 3296 213 3343 1.
233 3285 297 3358 ὅροι
316 3284 458 3357 δεύτεροι]
477 3305 534 3356 mg.
554 3285 585 3354 B,
604 3303 640 3340 m.
660 3293 675 3340 2
694 3286 729 3354 V,
749 3303 802 3342 om.
821 3286 852 3354 F,
872 3280 922 3356 μη’
941 3286 969 3343 b.
1000 3303 1132 3342 numeros

18 3388 20 3423 :
117 3375 172 3415 om.
192 3359 272 3414 codd.
345 3365 370 3414 4.
396 3354 542 3420 ἐλάττονος
565 3357 645 3411 BFb.
718 3354 791 3427 αὑτῇ
810 3356 847 3426 Β,
871 3373 939 3412 corr.
954 3374 991 3410 m.
1010 3373 1079 3423 ree.;
1104 3359 1133 3412 θλ

104 3422 586 3575 (κη““·.ηηηκιί
624 3426 881 3570 ,οηκςκὲο
899 3427 1006 3553 καί
1025 3428 1131 3567 ηιξ
