2332 3840
349 159 624 211 uuunnurouurr
642 162 751 213 1111111
768 163 801 216 u.
1038 161 1080 226 47

133 324 211 366 nam
232 302 259 366 si
279 305 353 388 ΓΑ,
369 307 435 367 ΑΒ
450 303 792 369 incommensurabiles
807 326 873 369 non
889 309 974 385 suut,
993 326 1081 390 mag-

63 407 180 474 nitudo
204 408 314 492 aliqua
339 431 393 473 eas
416 410 575 474 metietur.
625 408 796 488 metiatur,
820 411 846 475 si
869 410 939 474 fieri
962 415 1080 495 potest,
1119 406 1126 414 ’

73 551 115 599 -A
229 517 261 579 et
285 515 329 579 sit
353 519 394 580 A.
433 515 499 579 iam
522 515 676 600 quoniam
696 519 729 578 A
747 515 987 600 magnitudines
1007 520 1080 601 ΓΑ,

70 592 89 972 Ι
162 641 190 690 Δ
227 624 292 684 ΑΒ
321 621 468 705 metitur,
504 621 603 686 etiam
634 621 793 705 reliquam
825 623 891 687 ΒΓ
918 623 1079 688 metietur.

226 748 340 791 uerum
363 727 462 791 etiam
485 732 550 792 AB
573 727 716 793 metitur.
748 734 781 791 A
801 727 902 813 igitur
920 731 999 812 AB,
1018 730 1084 793 ΒΓ

226 835 368 902 metitur.
391 835 501 919 itaque
512 834 980 918 AB,BI'commeusurabiles
993 838 1078 900 sunt.

90 941 113 989 Β
225 941 453 1025 supposuimus
465 944 584 1025 autem,
598 941 726 1007 easdem
736 940 1078 1006 incommensurabiles

225 1068 308 1132 esse3
324 1047 409 1130 quod
424 1047 495 1112 fieri
509 1068 576 1111 nou
589 1051 708 1130 potest.
729 1049 837 1129 itaque
849 1046 940 1110 nulla
955 1046 1078 1130 magni-

223 1154 301 1220 tudo
326 1157 403 1238 ΓΑ,
422 1157 487 1218 ΑΒ
506 1152 667 1219 metietur.
697 1174 774 1239 ergo
788 1156 862 1237 ΓΑ,
876 1157 940 1217 ΑΒ
955 1153 1076 1218 incom-

224 1259 457 1325 mensurabiles
472 1264 575 1325 erunt.
605 1260 755 1325 similiter
773 1259 1077 1344 demonstrabimus,

58 1365 161 1430 etiam
194 1366 274 1448 ΑΓ,
304 1368 363 1430 ΓΒ
396 1365 739 1430 incommensurabiles
772 1386 851 1430 esse.
901 1386 978 1450 ergo
1011 1373 1043 1430 A
1049 1368 1082 1430 Γ

58 1471 190 1556 utrique
212 1476 288 1556 AB,
311 1474 377 1536 ΒΓ
395 1471 732 1537 incommensurabilis
757 1475 816 1536 est.

69 1222 118 1273 Τ

131 1576 203 1641 Iam
223 1599 301 1643 uero
320 1583 351 1642 A
357 1580 388 1642 Γ
399 1578 549 1642 alterutri
563 1581 638 1661 AB,
660 1579 722 1641 ΒΓ
737 1578 1075 1643 incommensurabilis

58 1683 112 1749 sit.
142 1684 187 1748 sit
200 1685 291 1767 prius
307 1683 524 1768 magnitudini
538 1688 605 1748 AB
618 1683 967 1748 incommensurabilis.
994 1683 1077 1768 dico,

58 1789 159 1854 etiam
182 1794 257 1874 AB,
280 1793 346 1855 ΒΓ
363 1789 708 1854 incommensurabiles
732 1809 811 1853 esse.
840 1810 918 1852 nam
942 1788 970 1878 si
988 1810 1074 1854 com-

57 1896 296 1961 mensurabiles
330 1898 419 1979 sunt,
452 1894 643 1980 magnitudo
677 1894 787 1980 eliqua
823 1916 876 1958 eas
913 1895 1074 1960 metietur.

56 2003 216 2067 metiatur
234 2004 267 2066 et
290 2002 334 2067 sit
352 2007 394 2066 A.
425 2002 491 2066 iam
514 2001 667 2085 quoniam
687 2006 720 2064 Δ
739 1999 980 2084 magnitudines
999 2006 1075 2085 AB,

56 2111 125 2174 ΒΓ
144 2109 289 2192 metitur,
313 2108 410 2172 etiam
433 2112 539 2173 totum
564 2110 630 2171 ΑΓ
650 2107 811 2172 metietur.
840 2129 953 2172 uerum
973 2109 1073 2173 ctiam

56 2218 124 2280 AB
147 2215 291 2279 metitur.
327 2219 360 2277 A
382 2214 484 2297 igitur
505 2216 579 2297 ΓΑ,
602 2217 666 2278 ΑΒ
690 2214 832 2279 metitur.
864 2214 974 2299 itaque
996 2217 1073 2297 ΓΑ,

55 2325 124 2386 ΑΒ
135 2320 443 2386 commensurabiles
458 2323 542 2384 sunt.
565 2320 794 2404 supposuimus
810 2325 927 2399 autem,
942 2320 1072 2386 easdem

54 2427 403 2493 incommensurabiles
428 2448 512 2509 esse;
539 2427 624 2510 quod
642 2426 712 2490 fieri
730 2449 796 2491 uon
816 2431 933 2510 potest,
963 2428 1071 2509 itaque

54 2534 150 2598 nulla
173 2533 362 2618 magnitudo
386 2537 466 2617 AB,
488 2535 556 2596 ΒΓ
574 2533 734 2597 metietur.
774 2534 884 2618 itaque
907 2536 987 2617 AB,
1010 2535 1075 2596 ΒΓ

54 2639 404 2705 incommensurabiles
429 2642 513 2704 sunt.

123 2745 213 2831 Ergo
238 2748 266 2811 si
289 2747 371 2811 duae
395 2745 645 2831 magnitudines,
670 2748 703 2809 et
727 2768 809 2829 quae
833 2750 1018 2829 sequuntur.

482 2923 642 2988 Lemma.

65 3027 68 3029 ⁵
124 3045 281 3112 Sirecae
296 3047 392 3112 alicui
407 3047 751 3132 parallelogrammum
769 3046 950 3130 adplicatur
964 3047 1069 3132 figura

56 3153 216 3238 quadrata
235 3153 396 3238 deficiens,
416 3153 614 3236 adplicatum
634 3153 774 3236 spatium
794 3153 983 3238 rectaugulo
999 3175 1068 3236 par-

52 3261 135 3325 tium
158 3265 268 3327 rectae
292 3260 433 3344 adplicat
434 3260 507 3325 ione
531 3264 675 3324 ortorum
699 3258 833 3343 aequale
858 3261 915 3322 est.

87 3441 129 3493 23.
148 3431 294 3521 rsrpcydv
278 3435 330 3508 sp]
354 3451 424 3489 corr
444 3428 709 3504 1111111111111111111
692 3451 829 3506 crappum
848 3448 902 3489 rec
923 3432 949 3487 b
1022 3429 1070 3502 cdl

49 3503 134 3565 roil'.
210 3501 243 3562 τὸ
262 3525 339 3577 παρα
321 3502 461 3580 opilabis]
478 3521 531 3563 om
551 3505 577 3561 b.
