2378 3832
101 167 165 232 156
485 169 687 222 ΣΤοιΧιιιιιΝ
705 163 732 222 ι’.

100 315 172 377 ΖΗ
190 313 251 378 τοῦ
279 305 344 377 ἀπὸ
368 314 426 396 τῆς
447 316 526 377 ΗΘ.
566 314 648 377 ἔστω
678 303 741 378 οὖν
771 312 816 400 τῷ
844 307 909 377 ἀπὸ
937 313 1022 397 [τῆς]
1048 315 1118 376 ΖΗ

101 424 156 482 ίσα
179 413 219 484 τὰ
243 413 308 484 ἀπὸ
331 420 400 484 τῶν
418 423 497 501 ΗΘ,
515 423 561 483 Κ·
585 412 831 504 ἀναστρέψαντι
854 416 919 504 ἄρα
943 413 988 496 ὡς
1011 413 1117 484 ὁΑΒ

100 518 184 607 πρὸς
205 527 282 606 ΒΓ,
309 520 415 602 οὕτως
437 520 475 590 τὸ
499 520 564 590 ἀπὸ
589 529 661 590 ΖΗ
678 521 762 611 πρὸς
784 521 821 590 τὸ
846 519 911 591 σἰνιό
935 526 995 610 τῆς
1017 529 1059 590 Κ.
1097 519 1116 589 ὁ

102 629 139 696 δὲ
162 635 227 695 ΑΒ
250 628 334 713 πρὸς
356 629 416 697 τὸν
440 634 506 696 ΒΓ
524 628 628 714 λόγον
653 626 715 696 οὐκ
738 635 819 716 ἔχει,
844 626 885 697 ὃν
907 622 1118 717 τετράγωνος

65 733 247 822 ὁάριθμὸς
275 735 360 823 πρὸς
391 734 602 823 τετράγωνον
635 734 800 823 ἀριθμόν·
847 734 930 804 ὥστε
963 733 1046 802 οὐδὲ
1078 731 1116 801 τὸ

28 850 31 856 ’
100 841 167 911 ἄιιὸ
191 849 265 909 ΖΗ
279 843 362 930 πρὸς
385 843 422 909 τὸ
445 839 510 909 ιἰιιὸ
534 852 592 928 τῆς
611 847 646 909 K
661 840 765 928 λόγον
789 847 866 929 ἔχει,
890 839 932 911 ὃν
953 839 1115 929 νενρᾶνω·

100 977 160 1029 νος
181 947 327 1035 ἀριθμὸς
355 946 439 1034 πρὸς
466 947 678 1036 τετράγωνον
705 944 864 1036 ἀριθμόν.
906 945 1116 1035 ἀσύμμετρος

92 1054 167 1147 Ιίίρα
195 1055 285 1123 ἐστὶν
312 1050 333 1140 ἡ
362 1060 433 1121 ΖΗ
456 1057 495 1142 vy}
523 1061 558 1121 K
584 1054 694 1141 μήκει·
731 1051 753 1141 v}
782 1062 855 1123 ΖΗ
872 1052 939 1139 ἄρα
967 1057 1026 1142 τῆς
1049 1058 1118 1121 ΗΘ

101 1167 214 1248 μεῖζον
238 1158 379 1228 δύναται
401 1164 447 1250 τῷ
471 1158 536 1228 ιἰιιὸ
565 1161 778 1250 ἀσυμμέτρου
801 1161 910 1250 ἑαυτῇ.
951 1165 1012 1228 καί
1029 1163 1118 1228 εἰσιν

50 1289 82 1339 10
102 1271 140 1334 αί
155 1273 234 1351 ΖΗ,
258 1273 326 1334 ΗΘ
348 1267 444 1352 ῥηταὶ
468 1266 610 1354 δυνάμει
633 1268 741 1354 μόνον
764 1267 957 1355 σύμμετροι,
980 1267 1037 1334 καὶ
1063 1261 1119 1334 οὗ·

102 1375 218 1457 θετίρα
258 1372 371 1440 αὐτων
409 1371 596 1461 σύμμετρός
632 1375 701 1440 ἐστι
737 1373 833 1460 μήκει
870 1378 909 1462 vy}
947 1375 1119 1461 ἐκκειμένῃ

102 1482 184 1568 ῥητῇ
208 1483 246 1568 τῇ
270 1486 309 1545 Ε·

164 1583 209 1652 Ἡ
233 1591 293 1651 ΖΘ
322 1583 387 1670 ἄρα
415 1586 451 1651 ἐκ
479 1583 542 1653 δύο
572 1582 747 1671 ὀνομάτων
776 1585 867 1653 ἐστὶν
898 1587 986 1672 ἕκτη·
1036 1583 1119 1672 ὅπερ

103 1696 171 1761 ἔδει
196 1693 309 1773 δείξαι.

51 1837 83 1887 15
395 1816 405 1837 ·
530 1800 679 1884 Λῆμμα·

161 1920 269 1989 Ἔστω
295 1924 356 1989 δύο
381 1925 572 2009 τετράγωνα
594 1920 635 1988 τὰ
654 1931 686 1988 Α
694 1929 740 2008 Β,
763 1927 830 1990 ΒΓ
848 1923 903 1990 καὶ
926 1928 1123 1992 κείσθωσαν

103 2026 187 2096 ω’σιε
209 2025 255 2095 ἐνί
282 2024 417 2107 εὐθείας
445 2025 531 2095 εἶναι
558 2028 619 2115 τὴν
642 2034 709 2095 ΔΒ
732 2032 771 2117 vy}
796 2035 871 2096 ΒΕ·
909 2025 955 2096 ἐπ’
982 2027 1122 2110 εὐθείας

102 2133 167 2220 ἄρα
191 2133 260 2200 ἐστὶ
283 2133 338 2200 καὶ
362 2134 385 2220 η
410 2139 472 2199 ΖΒ
494 2136 534 2222 vy}
559 2140 635 2202 ΒΗ
671 2133 727 2200 καὶ
756 2133 1058 2222 συμπεπληρώσθω
1079 2133 1118 2203 τὸ

101 2245 171 2306 ΑΓ
193 2237 557 2325 παραλληλόγραμμον·
599 2240 699 2326 λέγω,
731 2236 782 2307 ὅτι
809 2238 1020 2327 τετράγωνόν
1050 2243 1122 2308 ἐστι

49 2369 83 2419 20
101 2343 139 2414 τὸ
159 2351 233 2430 ΑΓ,
252 2345 308 2413 καὶ
332 2344 383 2412 ὅτι
406 2349 475 2413 τῶν
490 2352 566 2431 ΑΒ,
586 2350 653 2412 ΒΓ
670 2346 773 2432 μέσον
796 2344 967 2433 ἀνάλογόν
992 2347 1061 2414 ἐστι
1081 2345 1120 2414 τὸ

101 2459 185 2538 ΔΗ,
204 2452 259 2519 καὶ
274 2456 322 2518 ἔτι
335 2459 404 2518 τῶν
418 2457 494 2536 ΑΓ,
512 2457 574 2545 ΓΒ
590 2452 692 2538 μέσον
712 2449 884 2537 ἀνάλογόν
903 2454 972 2519 ἐστι
990 2451 1029 2520 τὸ
1044 2457 1117 2519 ΔΓ

165 2555 254 2626 Ἐπεὶ
277 2556 341 2645 γὰρ
365 2565 419 2642 ίση
449 2557 539 2624 ἐστὶν
562 2554 582 2643 ἡ
606 2557 757 2643 μὲνΔΒ
780 2566 819 2646 vy}
843 2564 920 2643 ΒΖ,
944 2554 965 2646 ἡ
989 2557 1028 2626 δὲ
1051 2566 1121 2626 ΒΕ

101 2670 140 2753 vy}
164 2672 250 2750 BH,
274 2661 335 2750 ὅλη
359 2660 424 2750 ἄρα
447 2660 468 2749 ἡ
493 2670 562 2730 ΔΕ
584 2661 644 2750 ὅλη
667 2667 707 2751 vy}
732 2670 799 2729 ZH
822 2665 911 2731 ἐστιν
935 2672 999 2752 ίση.
1047 2662 1117 2733 ἀλλ’

101 2770 122 2858 ἡ
142 2772 203 2857 μὲν
223 2779 294 2838 ΔΕ
310 2771 447 2860 ἑκατέρᾳ
469 2773 538 2836 τῶν
557 2776 633 2854 ΑΘ,
656 2774 728 2836 ΚΓ
746 2770 836 2837 ἐστιν
861 2777 927 2856 ίση,
951 2767 971 2855 ἡ
997 2769 1035 2837 δὲ
1055 2779 1129 2839 ΖΗ

48 2904 82 2952 26
101 2878 239 2968 ἑκατέρᾳ
266 2882 334 2945 τῶν
356 2884 443 2962 ΑΚ,
471 2882 536 2943 ΘΓ
559 2878 650 2943 ἐστιν
685 2884 752 2961 ἴση·
794 2876 850 2942 καὶ
883 2877 1021 2965 ἑκατέρα
1054 2876 1122 2965 ἄρα

101 2991 169 3052 τῶν
193 2991 271 3071 ΑΘ,
294 2988 366 3051 ΚΓ
384 2983 521 3073 ἑκατέρα
544 2985 611 3050 τῶν
635 2988 720 3067 ΑΚ,
745 2986 812 3048 ΘΓ
830 2983 919 3050 ἐστιν
944 2990 1008 3069 ίση.
1050 2983 1120 3051 ἰσό-

101 3098 247 3178 πλευρον
271 3089 336 3178 ἄρα
363 3090 431 3159 ἐστὶ
454 3087 491 3156 τὸ
517 3093 587 3156 ΑΓ
604 3086 965 3176 παραλληλόγραμμον·
995 3095 1065 3158 ἔστι
1084 3090 1122 3158 δὲ

100 3197 156 3265 καὶ
176 3195 405 3285 ὀρθογώνιον·
432 3194 642 3283 τετράγωνον
666 3194 732 3280 ἄρα
756 3194 825 3262 ε’στὶ
849 3193 886 3262 τὸ
911 3202 986 3264 ΑΓ.

174 3382 197 3431 1.
219 3377 290 3448 ΖΗ]
311 3377 363 3430 ΖΘ
381 3376 408 3430 b.
481 3373 542 3444 τῆς]
563 3387 617 3426 om.
636 3372 666 3427 P.
743 3371 805 3444 τῆς]
828 3388 881 3427 om.
901 3372 956 3429 Pb.
1025 3380 1051 3428 3.
1070 3369 1121 3428 τόν

99 3449 156 3500 ΒΓ
172 3446 205 3502 V.
278 3448 328 3516 τῆς
347 3446 479 3501 ZHFV.
544 3452 568 3499 4.
588 3438 658 3511 πρὸς
676 3439 815 3516 ιόνΒΓ]
836 3461 892 3514 mg.
911 3443 1034 3501 m.1P.
1090 3449 1114 3498 6.

87 3520 141 3583 ιηί*
161 3521 228 3571 ΖΗ
248 3519 313 3574 FV.
411 3523 434 3573 7.
465 3510 634 3589 ἀσύμμετρα
659 3513 699 3584 Ρ,
729 3530 800 3568 von.
821 3533 862 3568 m.
883 3520 911 3570 ἱ.
998 3521 1025 3570 Q,
1052 3533 1118 3583 συμ-
