2378 3832
367 157 642 209 ELElOENTORUM
659 157 768 209 LIBER
785 158 818 210 X.
1034 154 1100 219 349

84 302 175 364 tome
204 298 344 364 secunda
377 302 435 363 aut
467 302 556 364 recta
575 284 662 364 'oum
690 298 796 365 medio
824 303 931 365 totum
958 299 1101 364 medium

85 404 240 470 efficiens.

152 509 331 575 Auferatur
350 511 438 576 enim
456 514 494 575 ut
512 510 547 575 in
560 511 673 595 figuris
687 510 755 574 iam
767 512 945 595 propositis
962 514 1006 596 [p.
1021 512 1099 593 347]

86 640 106 682 a
129 617 236 682 medio
260 620 327 681 ΒΓ
346 617 488 701 spatium
517 616 658 681 medium
681 621 749 681 BA
777 616 839 681 toti
865 617 1103 682 incommensu-

86 717 201 789 rabiless
247 722 334 808 diro,
357 727 479 788 rectam
503 723 611 806 spatio
634 725 702 787 ΒΓ
720 723 889 807 aequalem
913 725 1104 809 quadratam

87 830 280 894 alterutram
313 851 384 894 esse
416 831 578 894 rectarum
609 829 850 895 irrationalium
885 832 943 894 aut
978 828 1104 895 mediae

88 939 265 1020 apotomen
292 935 465 1000 secundam
498 939 555 1000 aut
589 941 714 1001 rectam
751 957 824 1001 oum
856 934 963 1001 medio
995 939 1104 1000 totum

88 1042 234 1106 medium
256 1041 458 1106 efficientem.

157 1170 233 1213 nam
257 1148 411 1232 quoniam
435 1151 607 1231 utrumque
630 1150 703 1230 ΒΓ,
726 1152 795 1212 ΒΔ
816 1148 958 1213 medium
981 1151 1044 1232 est,
1072 1151 1106 1212 et

90 1256 171 1334 ΒΓ,
194 1257 262 1317 ΒΔ
284 1251 673 1338 moommensurabssia¹)‚
704 1253 857 1318 similiter
879 1253 1105 1319 concludemus

92 1362 138 1444 [p.
162 1359 242 1439 342,
269 1360 309 1425 19
334 1363 411 1446 sq.],
433 1364 605 1443 utramque
629 1363 704 1444 ΖΘ,
728 1364 796 1425 ΖΚ
817 1360 1012 1425 rationalem
1035 1381 1105 1424 esse

90 1470 124 1531 et
152 1468 260 1530 rectae
284 1469 355 1530 ZH
378 1466 582 1550 longitudine
609 1466 969 1532 incommensurabilem
998 1469 1106 1551 [prop.

90 1570 212 1652 XXIH.
257 1571 467 1656 ethuoniam
490 1575 563 1655 ΒΓ,
586 1576 668 1654 ΒΔ,
691 1572 753 1637 hoo
777 1574 828 1636 est
849 1574 928 1655 ΗΘ,
952 1574 1037 1654 ΗΚ,
1060 1572 1107 1636 in·

91 1677 398 1742 commensurabilia
421 1683 505 1762 sunt,
528 1679 629 1743 etiam
651 1681 724 1759 ΘΖ,
745 1680 812 1741 ΖΚ
833 1677 1107 1742 incommensura-

91 1783 176 1848 biles
200 1787 276 1848 sunt
305 1782 379 1868 ΠΗ,
404 1787 438 1868 13
460 1805 552 1868 prop.
574 1783 645 1865 ΧΠ.
690 1784 799 1867 itaque
823 1787 896 1866 ΖΘ,
920 1785 986 1846 ΖΚ
1006 1783 1105 1848 ratio·

90 1890 184 1956 nales
214 1893 290 1955 sunt
321 1891 470 1974 potentia
498 1894 629 1961 tantum
660 1889 974 1954 commensurabiles.
1027 1909 1104 1974 ergo

92 2000 159 2061 ΚΘ
182 2000 334 2080 apotome
357 1999 409 2061 est
433 1999 538 2081 [prop.
560 1994 725 2076 LXXIII}

160 2102 226 2166 iarn
250 2102 278 2167 si
297 2099 373 2166 ΖΘ2
392 2102 517 2168 excedit
535 2099 620 2167 ΖΚ2
638 2099 796 2186 quadrato
815 2104 922 2167 rectae
938 2100 1000 2166 sibi
1019 2121 1106 2165 com·

92 2207 400 2325 mensurabilis‚t
368 2212 400 2273 et
427 2216 544 2274 neutra
570 2210 733 2272 rectarum
762 2211 838 2290 ΖΘ,
861 2211 928 2272 ΖΚ
954 2206 1107 2272 rationali

362 2368 384 2416 z
456 2366 482 2416 J(
514 2365 539 2417 Θ
574 2313 761 2400 propositae
801 2317 875 2379 ΖΗ
904 2313 1011 2400 longit
996 2314 1106 2378 tudine

575 2420 878 2485 commensurabilis
889 2423 947 2504 est,
956 2423 991 2484 Κ
995 2424 1107 2505 &apo

575 2529 665 2592 tome
688 2530 739 2591 est
757 2527 856 2591 tertia
875 2526 961 2607 [deff.
974 2529 1049 2590 tert.
1063 2526 1108 2605 3].

575 2653 689 2698 uerum
727 2635 796 2696 ΚΛ
837 2631 1007 2696 rationalis
1049 2634 1107 2716 est,

576 2760 630 2803 reo
630 2738 801 2822 tangulum
824 2741 931 2803 autem
949 2741 1038 2803 recta
1056 2759 1108 2801 ra-

576 2844 692 2909 tionali
738 2847 772 2908 et
817 2848 968 2928 apotome
1009 2845 1109 2910 tertia

576 2951 843 3034 comprehensum
854 2951 1042 3017 irrationale
1050 2955 1108 3037 est,

95 3043 118 3089 A
240 3042 265 3089 Δ
310 3039 337 3089 Γ
362 3040 392 3089 Η
450 3040 475 3088 Λ
576 3059 609 3120 et
627 3058 716 3120 recta
735 3056 765 3120 ei
783 3059 927 3142 aequalis
951 3059 1110 3143 quadrata

96 3161 298 3227 irrationalis
327 3166 391 3247 est,
422 3164 559 3226 uooatur
591 3165 647 3227 aut
648 3184 698 3226 em
728 3163 852 3230 mediae
882 3169 1033 3249 apotome
1062 3187 1110 3230 se-

173 3285 200 3353 1)
225 3252 399 3337 Oumuerba
421 3302 457 3336 aa
459 3278 631 3353 luovppsr
633 3302 666 3337 ov
684 3280 848 3339 τοΒΓτ
867 3291 920 3340 ΒΔ
944 3286 993 3340 lin.
1013 3291 1110 3340 9-10

97 3352 171 3408 nihil
184 3352 292 3408 faciant
304 3353 341 3407 ad
351 3353 600 3409 demonstrandum
609 3355 647 3422 id,
662 3355 737 3423 quod
752 3358 885 3426 sequitur,
899 3373 956 3411 non
969 3356 1110 3480 immerittp

98 3424 283 3551 {baillugusltp
303 3424 478 3481 omittuntur
516 3395 666 3495 Gregorius
685 3427 781 3482 omisit
800 3426 878 3482 ἔστι
831 3448 878 3482 aru
897 3426 945 3480 lin
967 3432 1052 3480 10-

183 3514 212 3550 m
