2378 3832
90 169 155 233 222
476 171 679 225 mmmm<
698 167 726 227 ι.
830 122 844 151 '²

90 314 260 398 δυναμένη
285 308 305 397 ἡ
331 309 394 379 δόο
417 311 502 398 μέσα
526 313 699 399 δυναμένη
723 315 827 382 ἐστίν·
851 311 1010 384 ὥστεκαὶ
1029 315 1050 404 ἡ
1070 318 1112 387 τό

89 427 160 485 ΑΔ
182 423 307 505 χωρίον
331 419 502 504 δυναμένη
526 415 546 505 ἡ
571 418 634 487 δύο
658 420 743 505 μέσα
766 423 938 509 δυναμένη
962 425 1066 493 ἐστίν.

158 523 313 612 [Ὁμοίως
336 528 378 611 δη
403 527 572 612 δείξομεν,
604 523 656 593 ότι
678 522 744 594 κάν
768 531 906 596 έλαττον
929 521 951 617 ᾖ
974 527 1014 598 τὸ
1043 539 1110 599 ΑΒ

88 641 150 700 τοῦ
169 637 246 718 ΓΛ,
270 630 347 717 ητὸ
367 639 437 698 ΑΛ
460 637 585 718 χωρίον
609 633 779 719 δυναμένη
803 629 824 719 ἢ
849 636 885 701 έιι
909 635 971 703 δύο
996 637 1111 722 μέσων

54 765 70 814 5
90 740 227 826 δευτέρα
251 738 342 806 ἐστὶν
365 735 440 824 ἤτοι
463 736 525 805 δύο
549 738 633 824 μέσα
657 740 854 826 δυναμένη].

157 846 232 914 Δόο
247 842 313 930 άρα
328 845 438 930 μέσων
453 840 673 930 ἀσυμμέτρων
687 844 844 932 ἀλλήλοις
855 848 1106 936 συντιθεμένων

89 955 127 1019 αί
156 953 269 1019 λοιπαὶ
301 950 364 1018 δύο
395 948 513 1035 ἄλογοι
541 955 717 1036 γίγνονται
744 949 819 1039 ἤτοι
848 953 884 1020 ἐν
908 953 969 1023 δάο
991 954 1102 1042 μέσων

90 1058 229 1144 δευτέρα
252 1053 272 1142 ἢ
297 1056 360 1124 δύο
384 1056 469 1142 μέσα
492 1057 698 1144 δυναμένη.’

151 1269 192 1338 Ἡ
211 1273 247 1338 έν
266 1269 329 1338 δόο
350 1267 526 1357 ὀνομάτων
545 1271 602 1338 καὶ
621 1274 659 1338 αλ
674 1268 744 1358 μετ’
766 1268 873 1357 αὐτὴν
892 1270 1012 1357 άλογοι
1031 1273 1110 1340 οὔτε

36 1401 70 1451 10
87 1379 127 1466 τῇ
161 1376 244 1466 μέση
278 1374 354 1444 οὔτε
382 1375 542 1463 ἀλλήλαις
570 1378 656 1445 είσὶν
684 1381 722 1444 αί
743 1375 850 1447 αόταί.
894 1376 932 1446 τὸ
956 1378 1109 1467 μὲνγὰρ

89 1481 154 1551 άπὸ
179 1484 281 1570 μέσης
303 1487 392 1571 παρὰ
416 1484 520 1571 ῥητὴν
547 1483 849 1571 παραβαλλόμενον
872 1483 996 1564 πλάτος
1018 1498 1114 1552 ποιεί

89 1592 195 1677 ῥητὴν
221 1590 278 1657 καὶ
305 1588 518 1677 άσάμμετρον
543 1593 583 1678 τη
610 1587 688 1676 παρ’
714 1587 759 1676 ἣν
782 1589 977 1678 παράκειται
1000 1591 1109 1678 μήκει.

88 1695 126 1766 τό
156 1696 194 1765 δέ
221 1695 286 1764 άπὸ
315 1700 373 1783 της
401 1699 436 1764 έν
464 1695 527 1764 δύο
556 1693 734 1782 ὀνομάτων
760 1720 851 1784 παρα
873 1699 979 1784 ῥητὴν
1001 1720 1110 1785 παρα-

87 1803 298 1891 βαλλόμενον
312 1801 436 1882 πλάτος
448 1816 539 1871 ποιεῖ
554 1800 617 1888 τὴν
636 1804 671 1870 ἐκ
690 1801 753 1871 δύο
769 1801 946 1889 ὀνομάτων
960 1801 1108 1891 πρωτην.

36 1932 70 1983 15
88 1910 125 1978 τὸ
151 1908 189 1977 δέ
207 1908 273 1979 άπὸ
292 1912 352 1996 τῆς
370 1911 405 1977 ἐκ
424 1908 487 1977 δύο
507 1907 618 1996 μέσων
631 1909 765 1998 πράτης
777 1911 868 1997 παρά
883 1907 988 1996 ῥητὴν
1002 1933 1107 1997 παρα·

84 2015 298 2103 Ιβαλλόμενον
325 2014 449 2094 πλάτος
475 2028 566 2083 ποιεί
591 2014 653 2102 τὴν
683 2017 719 2083 έιι
743 2016 805 2084 δύο
829 2015 1008 2103 ὀνομάτων
1032 2019 1106 2083 δεν-

88 2122 197 2209 τέραν.
242 2120 280 2189 τὸ
305 2119 343 2188 δέ
366 2118 431 2188 άπὸ
454 2125 513 2206 τῆς
536 2123 572 2189 έιι
599 2121 662 2190 δάο
691 2123 803 2209 μέσων
831 2120 988 2208 δευτέρας
1015 2119 1102 2208 παρά

89 2225 194 2314 ῥητὴν
216 2226 516 2314 παραβαλλόμενον
538 2227 662 2308 πλάτος
685 2232 859 2316 ποιεῖτὴν
883 2231 918 2296 ἐκ
942 2228 1006 2296 δύο
1032 2226 1102 2296 ὀνο

89 2332 203 2421 μάτων
226 2339 350 2421 τρίτην.
394 2330 432 2400 τὸ
457 2331 495 2401 δέ
522 2332 588 2402 άπὸ
616 2338 676 2422 της
702 2341 852 2422 μείζονος
880 2333 970 2423 παρά
997 2336 1104 2423 ῥητὴν

36 2463 70 2512 20
87 2439 385 2527 παραβαλλόμενον
416 2438 541 2519 πλάτος
572 2455 665 2509 ποιεῖ
691 2439 752 2528 την
780 2443 816 2508 έιι
839 2441 902 2509 δύο
926 2439 1106 2528 ὀνομάτων

88 2549 256 2635 τετάρτην.
292 2548 330 2614 τὸ
350 2545 388 2614 δὲ
410 2543 475 2614 άπὸ
498 2549 558 2632 τῆς
581 2544 685 2631 ῥητὸν
707 2546 763 2613 καὶ
787 2545 889 2632 μέσον
913 2545 1107 2634 δυναμένης

88 2657 177 2744 παρὰ
201 2651 309 2742 ῥητὴν
329 2651 629 2739 παραβαλλόμενον
651 2651 776 2731 πλάτος
797 2650 966 2737 ποιεῖτὴν
985 2654 1021 2720 ἐκ
1042 2651 1106 2719 δύο

89 2756 267 2845 ὀνομάτων
289 2758 446 2845 πέμπτην.
491 2756 528 2825 τὸ
558 2757 596 2825 δὲ
624 2755 688 2824 άπὸ
716 2762 774 2843 της
801 2757 863 2826 δύο
893 2758 975 2844 μέσα
1005 2762 1108 2827 δυνα-

89 2864 192 2952 μένης
213 2863 303 2953 παρὰ
332 2867 437 2951 ῥητὴν
460 2862 758 2952 παραβαλλόμενον
785 2866 909 2944 πλάτος
932 2863 1107 2950 ποιεῖτὴν

161 3090 299 3165 mmo]
314 3090 366 3148 δύο
381 3095 442 3151 BV.
493 3090 767 3166 όστεταλὴ]ἡάρα
781 3096 814 3151 V.
866 3095 998 3151 2.A13b.
1049 3115 1105 3163 χω-

89 3163 164 3235 ρίαν]
179 3180 232 3221 om.
248 3165 281 3219 V.
335 3162 540 3237 h]om.BFV.
595 3163 693 3291 wop}
706 3167 737 3235 P,
752 3163 918 3221 δάσωτοο.
969 3162 1058 3234 μέσας
1072 3167 1106 3220 F.

124 3240 149 3289 3.
168 3230 325 3304 ὁμοίως-
344 3241 370 3291 ὀ.
389 3235 553 3310 δυναμένη]
577 3254 632 3292 om.
674 3281 681 3293 .
753 3244 778 3291 4.
802 3234 833 3291 τὸ
854 3241 908 3291 ΑΔ
926 3237 1047 3307 χωρίον]
1072 3233 1106 3289 τό

87 3307 192 3377 χωρίον
210 3303 241 3362 τό
261 3312 316 3361 ΑΔ
333 3305 367 3362 V.
439 3303 472 3396 ἦ]
491 3325 545 3364 om.
564 3307 595 3363 F.
668 3313 693 3363 5.
712 3304 776 3377 ἤτοι
795 3304 848 3362 δόο
867 3306 956 3378 μέσα]
978 3300 995 3376 ἢ
1017 3303 1107 3394 ῥητόν

87 3376 137 3433 καὶ
155 3374 241 3448 μέσον
259 3377 291 3434 Β.
356 3384 381 3435 6.
399 3374 418 3448 ἡ
437 3380 490 3434 δυο
508 3378 538 3434 F.
595 3385 618 3434 7.
638 3382 766 3448 γίνονται
783 3377 896 3433 PFVb.
950 3373 1014 3447 ἤτοι
1033 3398 1051 3446 η
1070 3378 1107 3433 V.

10 3466 15 3505 .·
114 3443 322 3522 MJMV.
393 3446 582 3524 δόο]ἱυτεε.
601 3452 723 3505 m.1P.
785 3446 1106 3518 9.oy‘‚yinras.,F.

10 3532 22 3575 .,’
101 3514 158 3592 al]
183 3539 355 3595 suprascr.
381 3525 408 3583 b.
496 3530 540 3581 11.
568 3518 627 3579 ἀπὸ
651 3522 702 3593 τῆς
719 3522 757 3576 δέ.
833 3527 881 3573 νε.
904 3520 958 3589 τῇχ
978 3537 1050 3574 τοτε.
1071 3535 1109 3574 ex
