2378 3832
107 142 151 207 34
491 139 694 192 ΣΤοΙΧΕΙαΝ
713 133 740 194 ι’.

106 284 162 352 καὶ
185 288 320 370 μείζων,
350 285 407 349 ἵνα
431 309 475 368 μη
498 285 611 369 τμηθῇ
640 277 660 367 ἡ
685 283 799 367 μονάς.
846 284 944 377 ἕστο,
973 283 1005 346 εἰ
1026 281 1129 346 δυνα-

106 392 177 476 τόν,
206 389 370 475 πρότερον
394 385 413 477 6
439 390 475 455 ἐκ
502 391 570 456 τῶν
593 394 670 473 ΑΒ,
694 392 762 454 ΒΓ
784 384 865 474 μετὰ
891 396 953 454 τοῦ
975 382 1040 453 ἀπὸ
1063 391 1132 453 ΓΕ

108 505 181 575 ἴσος
203 498 248 586 τῷ
272 492 337 563 ἀπὸ
361 501 440 580 ΒΕ,
468 495 525 562 καὶ
553 499 635 562 ἔσται
664 496 723 578 τῆς
748 501 817 560 ΔΕ
837 490 986 580 μονάδος
1014 496 1130 560 διπλα-

108 607 192 670 σίιιν
220 599 238 670 6
266 609 346 669 HA.
393 601 462 669 ἐπεὶ
499 591 562 668 οὖν
600 597 678 679 ὅλος
711 597 826 667 ὁΑΓ
850 596 933 667 ὅλου
972 602 1033 666 τοῦ
1060 604 1130 666 ΓΔ

72 710 179 780 ὅέστι
207 713 408 794 διπλασίων,
438 698 486 775 ὦν
512 704 530 774 6
555 714 631 774 ΑΗ
649 709 709 774 τοῦ
734 713 804 774 ΔΕ
831 707 900 773 ἐστι
929 707 1128 791 διπλασίων,

107 814 163 882 καὶ
186 813 303 895 λοιπὸς
326 813 391 902 ἄρα
411 811 429 881 6
449 819 523 881 ΗΓ
537 816 657 881 λοιποῦ
679 817 740 881 τοῦ
760 818 827 880 ΕΓ
840 814 909 880 ἐστι
928 816 1128 880 διπλασίων·

108 924 186 1009 δίχα
208 919 275 1007 ἄρα
297 922 452 1007 τέτμηται
476 917 494 987 6
518 926 589 987 ΗΓ
607 930 653 1011 τῷ
678 927 718 987 Ε.
762 917 780 986 6
804 917 870 1007 ἄρα
898 920 934 987 ἐκ
956 920 1025 987 τῶν
1048 924 1128 1003 ΗΒ,

108 1033 174 1095 ΒΓ
198 1026 278 1115 μετὰ
306 1037 368 1096 τοῦ
396 1025 461 1095 ἀπὸ
486 1032 552 1094 ΓΕ
577 1034 650 1106 ἴσος
678 1027 749 1094 ἐστὶ
777 1030 822 1119 τῷ
847 1024 911 1094 ἀπὸ
932 1033 998 1093 ΒΕ
1018 1050 1129 1112 τετρα-

107 1131 216 1223 γώνῳ.
262 1130 346 1200 ἀλλὰ
378 1133 434 1200 καὶ
463 1129 481 1199 6
510 1134 546 1199 ἐκ
579 1143 648 1201 τῶν
671 1141 749 1217 ΑΒ,
773 1138 838 1199 ΒΓ
860 1130 940 1218 μετὰ
973 1134 1035 1197 τοῦ
1062 1127 1128 1197 ἀπὸ

56 1262 90 1312 10
108 1243 175 1305 ΓΕ
196 1244 268 1317 λ’σος
294 1234 469 1306 ὑπόκειται
496 1240 541 1330 τῷ
570 1235 635 1305 ἀπὸ
667 1242 754 1322 [τοῦ]
779 1243 846 1305 ΒΕ
865 1235 1077 1328 τετραγώνῳ·
1111 1233 1129 1303 6

109 1341 175 1431 ἄρα
199 1345 234 1410 ἐκ
257 1347 325 1411 τῶν
348 1351 429 1429 ΗΒ,
453 1349 519 1411 ΒΓ
538 1342 618 1430 μετὰ
637 1349 700 1411 τοῦ
720 1341 785 1412 ἀπὸ
811 1349 876 1411 ΓΕ
896 1350 969 1421 λ’σος
991 1343 1061 1410 ἐστὶ
1084 1345 1130 1434 τῷ

112 1453 149 1518 ἐκ
170 1453 239 1518 τῶν
253 1457 330 1536 ΑΒ,
347 1456 413 1518 ΒΓ
428 1448 509 1537 μετὰ
527 1453 590 1518 τοῦ
607 1447 673 1518 ἀπὸ
692 1457 762 1518 ΓΕ.
799 1450 855 1518 καὶ
882 1452 1003 1517 κοινοῦ
1031 1447 1131 1534 ἀφαι-

109 1556 269 1642 ρεθέντος
290 1559 351 1624 τοῦ
375 1553 440 1624 ἀπὸ
466 1561 531 1623 ΓΕ
556 1554 737 1642 συνάγεται
760 1553 778 1625 6
800 1563 863 1623 AB
888 1565 959 1634 ἴσος
982 1557 1027 1647 τῷ
1046 1562 1128 1622 ΗΒ·

110 1659 192 1751 ὅπερ
216 1661 350 1733 ἄτοπον.
398 1660 461 1731 οὐκ
484 1660 550 1748 ἄρα
573 1660 591 1730 6
617 1664 653 1730 ἐκ
679 1667 748 1731 τῶν
773 1671 855 1747 ΑΒ,
879 1667 946 1730 ΒΓ
964 1660 1045 1748 μετὰ
1068 1664 1131 1729 τοῦ

58 1793 92 1844 15
110 1766 175 1838 ἀπὸ
200 1773 290 1855 [τοῦ]
314 1775 380 1837 ΓΕ
401 1776 474 1849 ἴσος
503 1769 572 1837 ἐστὶ
594 1772 639 1860 τῷ
665 1765 731 1837 ἀπὸ
755 1776 827 1837 ΒΕ.
873 1771 957 1856 λέγω
988 1767 1047 1854 δή,
1078 1766 1130 1837 ὅτι

112 1872 194 1941 οὐδὲ
223 1875 373 1944 ἐλάσσων
401 1879 463 1943 τοῦ
492 1873 556 1943 ἀπὸ
592 1883 658 1942 ΒΕ
688 1880 720 1944 εἰ
749 1875 813 1964 γὰρ
844 1873 1006 1956 δυνατόν,
1047 1880 1130 1943 ἔστω

111 2006 156 2048 τιι
182 1978 248 2049 ἀπὸ
267 1988 330 2048 ΒΖ
354 1990 437 2068 ἴσος,
460 1980 516 2048 καὶ
539 1985 599 2049 τοί
619 1991 653 2048 Δ
660 1991 687 2049 Ζ
711 1986 896 2050 διπλασίων
921 1979 939 2049 6
963 1989 1039 2049 ΘΑ.
1075 1980 1130 2048 καὶ

113 2087 361 2173 συναχθήσεται
388 2086 491 2154 πάλιν
516 2090 702 2156 διπλασίων
727 2087 744 2156 6
769 2093 836 2155 ΘΓ
853 2090 914 2155 τοῦ
936 2093 1010 2155 ΓΖ·
1047 2083 1132 2155 ὥστε

112 2191 167 2258 καὶ
190 2190 251 2261 τὸν
269 2199 330 2261 ΓΘ
349 2197 427 2278 δίχα
450 2202 633 2280 τετμῆσθαι
656 2192 739 2261 κατὰ
757 2192 795 2262 τὸ
817 2201 854 2279 Ζ,
877 2193 933 2260 καὶ
953 2191 1008 2261 διδ(
1030 2196 1131 2261 τοῦτο

58 2325 93 2375 20
111 2296 172 2367 τὸν
196 2302 232 2368 ἐκ
250 2302 319 2368 τῶν
338 2305 410 2385 ΘΒ,
430 2304 496 2366 ΒΓ
516 2299 595 2385 μετὰ
620 2302 680 2367 τοῦ
703 2299 768 2369 ἀπὸ
793 2306 857 2368 ΖΓ
876 2309 951 2368 ἴσον
974 2306 1133 2387 γίνεσθαι

111 2410 157 2499 τῷ
177 2403 243 2474 ἀπὸ
262 2413 333 2474 ΒΖ.
363 2403 536 2473 ὑπόκειται
560 2404 598 2473 δὲ
620 2407 675 2474 καὶ
695 2404 712 2474 6
734 2408 769 2475 ἐκ
787 2411 855 2476 τῶν
873 2414 951 2493 ΑΒ,
970 2411 1037 2474 ΒΓ
1051 2403 1132 2493 μετὰ

112 2516 174 2582 τοῦ
202 2512 267 2581 ἀπὸ
289 2520 359 2582 ΓΕ
381 2520 453 2592 ἴσος
480 2515 526 2604 τῷ
555 2508 620 2578 ἀπὸ
644 2519 716 2580 ΒΖ.
762 2511 924 2582 ὥστεκαὶ
953 2509 971 2580 6
1000 2513 1036 2579 ἐκ
1062 2516 1134 2581 τῶν

114 2625 187 2704 ΘΒ,
207 2625 274 2687 ΒΓ
292 2617 373 2707 μετὰ
392 2623 452 2686 τοῦ
472 2614 537 2687 ἀπὸ
558 2624 619 2686 ΓΖ
643 2626 716 2699 λ’σος
733 2625 825 2687 ἔσται
843 2629 888 2711 τῷ
912 2620 948 2686 ἐκ
966 2622 1035 2686 τῶν
1053 2625 1133 2704 ΑΒ,

114 2729 181 2791 ΒΓ
199 2724 279 2811 μετὰ
302 2734 364 2792 τοῦ
388 2721 453 2791 ἀπὸ
479 2729 554 2791 ΓΕ·
592 2721 674 2812 ὅπερ
698 2721 833 2792 ἄτοπον.
879 2721 940 2792 οὐκ
963 2722 1029 2811 ἄρα
1052 2722 1071 2792 6
1097 2728 1134 2792 ἐν

60 2855 95 2906 25
114 2842 182 2900 τῶν
203 2838 282 2917 ΛΒ,
305 2835 373 2897 ΒΓ
392 2828 472 2917 μετὰ
494 2834 555 2898 τοῦ
578 2828 641 2898 ἀπὸ
665 2836 729 2899 ΓΕ
750 2839 823 2909 ἴσος
845 2831 914 2897 ἐστὶ
938 2835 1012 2923 [τῷ]
1037 2830 1134 2899 ἐλάσ-

105 3045 110 3052 ,
187 2996 210 3045 1.
232 2992 339 3059 μείζονι
358 2992 384 3058 (ο
404 2991 457 3043 οτι
476 2989 612 3057 corr.;)B
633 3010 675 3059 γρ.
695 2991 803 3059 μείζονι
821 2987 950 3058 κρεῖττόν
970 2984 1028 3044 ἔστι
1047 3007 1135 3059 supra.

114 3079 165 3118 sor.
185 3079 222 3117 m
242 3059 312 3117 2V
385 3058 450 3149 μή]
457 3060 525 3150 μήτε
545 3061 641 3115 Theon
662 3059 796 3130 (BFVb),
819 3059 897 3114 Pm.
917 3067 942 3116 2.
997 3060 1067 3114 Post
1085 3081 1134 3130 μο·

112 3129 166 3194 νας
189 3132 252 3186 add.
272 3130 383 3187 Theon.
413 3129 481 3201 μήτε
502 3128 517 3185 6
538 3127 570 3186 ἐκ
589 3133 645 3186 τῶν
664 3136 730 3198 AB,
749 3136 804 3185 ΒΓ
807 3129 895 3219 μετὰ
917 3133 969 3187 τοῦ
993 3127 1051 3185 ἀπὸ
1070 3133 1133 3197 (τοῦ

112 3202 177 3259 add.
198 3203 233 3272 V)
255 3207 323 3274 ΓΔ,
346 3197 379 3265 ὅς
398 3197 505 3257 ἔστιν
491 3224 507 3257 ο
534 3204 599 3270 (om.
619 3203 646 3269 b,
665 3221 721 3272 mg
742 3199 817 3292 B)’
799 3200 856 3256 απὸ
883 3203 942 3288 (τοῦ
961 3202 1026 3257 add
1045 3201 1134 3271 PVb)

112 3278 168 3330 ΒΔ
186 3276 213 3344 (e
232 3290 300 3330 corr
320 3293 357 3330 m.
376 3273 450 3342 2V,
475 3279 527 3328 ΔΒ
546 3272 644 3361 PBb),
652 3274 767 3358 ἴσοςῃ
786 3270 878 3346 τῷέκ
902 3269 969 3342 (νπο
988 3274 1053 3343 BV)
1077 3275 1133 3328 τῶν

112 3346 226 3471 Vm]
201 3344 261 3415 ΡΒ)
285 3351 350 3413 ΑΒ,
369 3349 425 3400 ΒΓ
446 3341 536 3433 μετὰ
534 3345 585 3399 τοῦ
605 3340 663 3399 ἀπὸ
684 3345 745 3413 (τοῦ
749 3294 829 3401 ῃαδδ.
848 3345 911 3412 PV)
933 3347 987 3398 ΓΕ
1006 3343 1134 3415 (BFVb,

209 3418 245 3487 2.)
306 3415 446 3501 ficorr
466 3433 535 3484 exn
523 3411 591 3470 ''.m
611 3415 676 3469 2P.
751 3417 965 3503 2.τῆςΓΕΡ.
1040 3416 1134 3483 λιτῆς

95 3487 162 3537 BE
172 3485 206 3540 P.
282 3488 333 3556 τῆς
351 3490 412 3543 ΔΕ
430 3436 571 3559 μονάδος]
591 3502 645 3542 om
663 3487 699 3542 V.
763 3484 957 3549 διπλάσιοςΡ
1030 3493 1056 3543 4
1078 3489 1133 3541 HA
