2378 3832
109 176 175 240 402
525 178 715 229 εΡΡεωυΙΧ.

108 318 165 384 καὶ
188 315 208 403 ἡ
232 324 298 384 ΑΒ
328 315 515 404 σύμμετρός
542 319 611 384 ἐστι
639 320 678 406 τῇ
708 317 878 405 ἐκκειμένῃ
910 319 994 405 ῥητῇ
1017 316 1129 402 μήκει·

110 421 262 509 ἀποτομὴ
286 421 351 510 ᾷρα
375 420 488 511 πρώτη
512 422 603 490 ἐστὶν
622 419 642 508 ἡ
663 431 743 490 ΑΛ.
781 420 904 510 ὁμοίως
927 420 969 508 δὴ
992 422 1130 504 καὶτὰς

111 527 229 609 λοιπὰς
252 526 420 615 ἀποτομὰς
444 525 630 617 εὑρήσομεν
650 530 825 615 ἐνθέμενοι
844 527 903 609 τδις
922 527 1131 614 ἰσαριθμούς

111 637 147 703 έιι
170 635 233 703 δύο
258 632 447 722 ὀνομάτων·
476 632 558 723 ὅπερ
582 639 650 702 ἔδει
673 636 787 716 δεῖξαι.

591 869 643 932 24.

414 971 466 1036 Ad
490 973 563 1037 libr.
586 972 617 1037 X
639 995 730 1058 prop.
757 973 829 1038 115.

75 1099 91 1149 ο
537 1074 691 1156 Ἄλλως.

168 1198 278 1268 Ἔστω
303 1201 385 1286 μέση
409 1197 430 1286 ἡ
454 1205 531 1268 ΑΓ·
555 1201 652 1285 λέγω,
672 1197 723 1267 ὅτι
747 1198 812 1267 ιἰπὸ
830 1187 889 1286 τῆξ
905 1205 975 1267 ΑΓ
995 1197 1132 1287 ἄπειροι

110 1305 227 1392 ᾷλογοι
251 1311 435 1392 γύμνονται,
459 1307 514 1373 καὶ
539 1303 680 1392 οὐδεμία
703 1302 845 1394 οὐδεμιᾷ
868 1308 937 1373 τῶν
960 1304 1131 1392 πρότερον

110 1409 130 1497 ἡ
155 1410 248 1496 αὐτᾷ.

168 1515 287 1603 Ἤχθω
310 1521 350 1606 τῇ
375 1523 445 1585 ΑΓ
462 1515 548 1604 πρὸς
570 1514 677 1602 ὀρθὰς
700 1514 721 1602 ἡ
744 1524 825 1602 ΑΒ,
854 1517 909 1584 καὶ
935 1521 1020 1584 έστω
1045 1516 1131 1605 ῥητὴ

60 1620 131 1708 1οὴ
156 1630 233 1708 ΑΒ,
257 1624 312 1691 καὶ
336 1622 635 1710 συμπεπληρώσθω
658 1620 696 1689 τὸ
719 1629 793 1690 ΒΓ·
824 1621 949 1708 ᾷλογον
973 1621 1040 1708 ᾷρα
1060 1625 1129 1692 ἐστὶ

111 1732 148 1797 τὸ
168 1735 240 1816 ΒΓ,
263 1730 319 1797 καὶ
342 1726 363 1815 ἡ
387 1728 558 1814 δυναμένη
583 1725 665 1796 αὐτὸ
685 1726 809 1813 ἄλογός
828 1730 927 1796 ἐστιν.
961 1729 1130 1798 δυνάσθω

111 1833 193 1902 αὐτὸ
221 1833 242 1920 ἡ
271 1841 351 1902 ΓΛ·
385 1832 508 1919 ᾷλομος
534 1832 600 1920 ᾷρα
628 1834 719 1902 ἐστὶν
741 1832 762 1920 ἡ
787 1842 862 1903 ΓΛ.
899 1835 954 1901 καὶ
984 1832 1130 1925 οὐδεμιᾷ

111 1950 177 2008 τῶν
201 1940 365 2029 πρότερον
388 1939 408 2025 ἡ
433 1936 532 2026 αὐτή·
563 1938 601 2006 τὸ
626 1937 689 2025 μδιρ
709 1937 765 2007 ὐπ’
783 1938 942 2027 οὐδεμιᾶς
959 1944 1029 2009 τῶν
1049 1943 1130 2031 πρό-

111 2071 208 2133 τερον
226 2046 314 2135 παρὰ
335 2044 441 2134 ῥητὴν
459 2043 757 2133 παραβαλλόμενον
772 2046 895 2125 πλάτος
908 2060 1000 2113 ποιεῖ
1011 2050 1130 2134 μέσην.

62 2180 94 2226 15
114 2152 215 2220 πάλιν
240 2150 537 2240 συμπεπληρώσθω
566 2149 604 2219 τὸ
628 2159 709 2218 ΕΔ·
746 2151 870 2238 ἄλογον
899 2150 964 2239 ἄρα
992 2156 1063 2221 ἐστὶ
1090 2153 1131 2222 τὸ

111 2265 194 2343 ΕΛ,
222 2261 277 2326 καὶ
305 2257 326 2345 ἡ
355 2258 526 2345 δυναμένη
555 2255 638 2324 αὐτὸ
668 2257 791 2344 ᾷλογός
814 2259 914 2326 ἐστιν.
962 2259 1131 2328 δυνάσθω

112 2362 194 2431 αὐτὸ
213 2362 234 2449 ἡ
251 2371 329 2430 ΔΖ·
352 2361 474 2449 ᾷλομος
488 2362 553 2449 ᾷρα
568 2364 659 2431 ἐστὶν
678 2361 698 2450 ἡ
720 2373 752 2430 Λ
759 2371 794 2431 Z.
820 2364 876 2431 καὶ
896 2360 1040 2453 οὐδεμιᾷ
1059 2369 1130 2432 τῶν

112 2468 276 2559 πρότερον
299 2467 320 2555 η
345 2467 441 2555 αὐτή·
475 2468 513 2537 τὸ
532 2473 597 2556 γὰρ
616 2469 673 2537 ἀπ’
696 2469 854 2557 οὐδεμιᾷς
871 2473 939 2539 τῶν
962 2471 1132 2558 πρότερον

112 2576 200 2662 παρὰ
224 2575 328 2664 ῥητην
351 2576 649 2665 παραβαλλόμενον
671 2577 793 2657 πλᾷτος
815 2575 988 2662 ποιεῖτὴν
1010 2583 1083 2645 ΓΔ.

59 2709 94 2757 20
176 2683 253 2751 Ἀπὸ
278 2685 379 2770 μέσης
401 2681 466 2772 ἄρα
490 2682 622 2771 ἄπειροι
650 2681 767 2768 ᾷλογοι
795 2688 964 2768 γίνονται,
991 2681 1132 2751 καὶόὐ·

114 2793 211 2874 δεμία
235 2787 375 2877 οὐδεμιᾷ
398 2793 466 2857 τῶν
489 2789 654 2877 πρότερον
677 2789 698 2878 ἡ
719 2785 802 2875 αὐτή
824 2791 927 2857 ἐστιν·
958 2785 1040 2877 ὅπερ
1060 2791 1130 2857 ἔδει

113 2896 227 2974 δεῖξαι.

184 3113 226 3160 θ4.
246 3107 314 3160 Post
332 3107 423 3172 δεῖξαι
441 3125 468 3176 p.
488 3112 548 3174 370,
567 3112 601 3160 23
621 3105 761 3160 PBFVb.

185 3307 209 3355 3.
231 3295 394 3370 ἐνθέμενοι]
414 3320 430 3353 ν
449 3317 548 3355 eeorr.
563 3302 592 3354 P.
647 3298 708 3370 τοὶς]
730 3317 782 3353 om.
802 3299 835 3354 V.
892 3296 1080 3369 εἰσαριθμούς
1097 3300 1127 3355 Β.

147 3377 171 3427 4,
192 3365 264 3441 ὅπερ
279 3368 339 3426 ἔδει
354 3371 460 3501 δειξαιᾷ
477 3390 530 3426 om.
549 3371 668 3438 BFVb‚
689 3388 778 3460 comp.
797 3369 826 3426 P.
888 3377 924 3425 ’7.
943 3370 1073 3438 γίνονται
1092 3369 1126 3425 V.

137 3439 284 3521 οὐδεμιᾷ]
304 3461 361 3502 om.
381 3443 431 3501 PF
466 3491 471 3503 .
545 3449 572 3501 8.
594 3438 633 3518 {st
652 3439 811 3509 ὲοοινηΒ.
884 3446 925 3494 10.
950 3436 1126 3562 ἄλογονὲίει

17 3526 31 3719 η
83 3535 143 3576 τοι,
168 3542 199 3593 φ.
281 3515 392 3596 ἄλογον
416 3511 829 3590 -11.BFXmg.m.xY.
897 3507 1051 3564 mu?
1092 3512 1131 3579 Vx
