2378 3832
105 121 171 186 γῆς
492 120 694 173 mmmm
711 115 740 174 ι’.

106 266 206 333 ἐστίν.
252 263 308 329 καὶ
336 261 405 331 ἐπεὶ
433 259 647 351 ἀσύμμετρον
672 262 808 348 ἐδείχθη
832 259 870 328 τὸ
894 267 955 328 ΑΙ
975 265 1021 354 τῷ
1046 269 1121 347 ΖΚ,

106 367 319 456 ἀσύμμετρον
343 366 407 457 άρα
430 368 486 436 καὶ
512 367 549 436 τὸ
579 365 644 437 άπὸ
668 371 726 454 τῆς
749 375 815 435 ΛΟ
840 368 1054 453 τετράγωνον
1077 372 1121 460 τῷ

106 473 172 542 άπὸ
197 486 255 562 τῆς
279 481 346 542 ΟΝ
368 473 575 565 τετραγώνῳ.
621 477 659 541 αί
684 481 764 559 ΛΟ,
789 480 856 541 ΟΝ
884 473 950 562 άρα
980 475 1122 559 δυνάμει

107 582 194 649 είσὶν
217 577 423 670 άσῦμμετροι
445 584 604 648 ποιοῦσαι
622 579 659 648 τὸ
680 580 741 667 μέν
761 583 980 666 συγκείμενον
1001 582 1037 648 ἐκ
1057 583 1122 646 τῶν

71 683 164 760 τάπ’
191 684 305 754 αῦτῦν
326 684 545 774 τετραγώνων
569 686 689 774 ῥητόν,
716 688 755 754 τὸ
784 685 821 754 δέ
849 687 902 766 δὶς
924 683 982 753 ὑπ’
1011 683 1123 753 αῦτοῦν

108 794 220 879 μέσον.
248 789 359 879 ῆΛΝ
374 791 440 879 άρα
459 790 582 878 άλογός
601 795 691 860 έστιν
711 790 731 879 ῆ
751 793 938 879 καλουμένη
958 790 1124 859 έλάσσων·

108 897 164 965 καὶ
187 896 330 965 δύναται
353 896 391 993 τὸ
414 905 480 965 ΑΒ
503 903 637 986 χωρίον.

170 1001 217 1070 Ἡ
240 1000 307 1090 άρα
333 1000 371 1071 τὸ
395 1011 459 1070 AB
487 1009 612 1090 χωρίον
641 1006 812 1092 δυναμένη
841 1004 993 1073 ἐλάσσων
1023 1008 1126 1073 ἐστίν·

109 1107 190 1199 ὅπερ
215 1113 282 1176 ἔδει
307 1111 420 1190 δεῖξαι.

56 1276 90 1325 10
591 1251 648 1323 (ιε’.

177 1372 264 1442 Ἐάν
287 1380 434 1462 χωρίον
458 1377 686 1462 περιέχηται
710 1372 784 1445 ὑπὸ
809 1378 928 1463 ῥητῆς
949 1377 1014 1443 καί
1035 1374 1127 1444 άπο·

109 1484 232 1566 τομῆς
249 1482 440 1567 πέμπτης,
464 1478 484 1568 ῆ
504 1483 545 1549 τὸ
565 1487 713 1568 χωρίον
734 1484 938 1569 δυναμένη
959 1479 1010 1569 [ῆ]
1031 1481 1126 1569 μετά

111 1586 233 1672 ῥητοῦ
257 1586 380 1672 μέσον
403 1590 445 1656 τὸ
471 1585 565 1656 ὅλον
589 1587 762 1656 ποιοῦσά
787 1590 904 1657 ἐστιν.

178 1697 312 1777 Χωρίον
345 1691 408 1779 γάρ
440 1691 478 1760 τὸ
508 1700 573 1760 ΑΒ
605 1694 809 1781 περιεχέσθω
837 1691 902 1762 ὑπὸ
935 1695 1039 1782 ῥητῆς
1072 1698 1128 1782 τῆς

59 1824 92 1872 15
111 1800 181 1865 ΑΓ
199 1797 254 1864 καὶ
278 1796 447 1885 ἀποτομῆς
469 1799 616 1886 πέμπτης
637 1803 696 1886 τῆς
719 1808 802 1867 ΑΛ·
839 1803 939 1886 λέγω,
969 1799 1020 1869 ὅτι
1045 1799 1066 1887 ῆ
1090 1800 1126 1868 τὸ

112 1910 176 1971 AB
200 1910 324 1992 χωρίον
349 1906 520 1992 δυναμένη
546 1901 594 1990 [ἡ]
619 1907 699 1991 μετά
724 1906 828 1993 ῥητοῦ
851 1907 953 1994 μέσον
976 1905 1014 1975 τὸ
1047 1905 1127 1975 ὅλον

110 2009 256 2077 ποιοῦσά
281 2013 379 2078 ἐστιν.

180 2114 287 2184 Ἔστω
311 2119 375 2204 γάρ
399 2120 439 2206 τῆ
463 2126 533 2184 ΑΔ
556 2117 834 2206 προσαρμόζουσα
857 2115 878 2205 ῆ
898 2127 983 2186 ΛΗ·
1008 2124 1047 2186 αί
1064 2119 1127 2207 άρα

112 2227 195 2307 ΑΗ,
214 2229 254 2288 Η
256 2230 289 2288 Δ
312 2223 413 2309 ῥηταί
429 2227 492 2290 είσι
517 2225 659 2311 δυνάμει
682 2223 791 2310 μόνον
815 2225 1008 2314 σύμμετροι,
1032 2224 1127 2314 καλῆ

58 2353 94 2402 20
113 2328 392 2416 προσαρμόζουσα
415 2326 435 2415 ῆ
460 2336 499 2396 Η
501 2339 533 2396 Δ
557 2329 745 2417 σύμμετρός
768 2332 837 2398 ἐστι
855 2334 949 2418 μῆκει
969 2336 1009 2420 τῆ
1031 2335 1127 2402 έκκει-
1155 2412 1159 2419 ⁸

113 2435 196 2522 μένη
226 2434 308 2522 ῥητῆ
336 2438 375 2522 τῆ
400 2441 479 2520 ΑΓ,
509 2433 529 2522 ῆ
560 2435 597 2503 δέ
625 2433 685 2522 ὅλη
710 2436 730 2523 ῆ
755 2444 830 2504 ΑΗ
853 2442 911 2524 τῆς
938 2459 1128 2527 προσαρμο-

115 2541 233 2627 ζούσης
260 2544 319 2627 τῆς
344 2547 420 2607 ΔΗ
444 2546 556 2629 μεῖζον
584 2540 726 2609 δύναται
754 2546 799 2632 τῷ
823 2539 890 2610 άπὸ
913 2543 1129 2632 ἀσυμμέτρου

114 2647 224 2734 ἑαυτῆ.
270 2645 329 2715 ἐὰν
358 2645 423 2733 άρα
447 2650 491 2737 τῷ
515 2646 659 2739 τετάρτῳ
684 2650 775 2736 μέρει
802 2659 863 2716 τοῦ
886 2646 951 2718 άπὸ
975 2654 1034 2736 τῆς
1059 2656 1134 2718 ΛΗ

114 2760 191 2819 ἴσον
213 2752 304 2838 παρά
327 2751 389 2840 τῆν
413 2760 491 2821 ΑΗ
509 2758 711 2842 παραβληθῆ
736 2756 888 2823 έλλείπον
912 2759 994 2823 είδει
1018 2782 1129 2845 τετρα-

187 2968 210 3016 1.
232 2959 294 3017 ἐστί
308 2964 394 3030 BVb‚
414 2981 504 3034 comp.
519 2966 549 3019 F.
605 2972 630 3020 2.
646 2965 804 3054 σύμμετρον
818 2966 849 3034 Β,
865 2984 933 3023 corr.
944 2986 980 3022 m.
992 2973 1016 3022 2.
1073 2963 1129 3036 ῦρα

115 3029 177 3088 έστί
192 3032 225 3088 V.
280 3032 468 3123 τετράγωνον]
490 3053 543 3091 om.
560 3035 593 3089 V.
649 3043 674 3092 3.
694 3034 872 3107 ασῦμμειροί
889 3036 943 3093 εἰσι
956 3035 1082 3108 δυνάμει
1098 3039 1129 3106 V,

115 3102 218 3158 deinde
238 3104 291 3160 del.
311 3123 348 3162 m.
368 3113 397 3161 2:
417 3109 466 3161 δια
485 3103 517 3160 τὸ
537 3105 675 3177 δεῦτερον
694 3106 831 3178 θεώρημα
850 3110 900 3164 τοῦ
921 3111 1040 3180 βιβλίου.
1105 3117 1129 3164 6.

116 3178 175 3230 ΔΗ
192 3177 222 3230 F.
278 3171 416 3246 ἀνάλογος
430 3176 461 3247 Ρ,
481 3178 530 3232 sed
545 3195 615 3234 corr.
673 3186 696 3234 7.
716 3179 777 3250 AB]
798 3185 819 3233 B
840 3196 909 3234 corr.
925 3182 1128 3235 exram.

152 3251 176 3299 8.
197 3243 259 3301 έστί
274 3245 307 3301 Β.
362 3254 385 3303 9.
406 3243 475 3319 ὅπερ
491 3247 551 3303 ἔδει
565 3250 673 3320 δεῖξαι]
694 3267 782 3320 comp.
799 3251 830 3319 P,
850 3269 903 3307 om.
918 3251 1031 3307 BFVb.
1089 3257 1128 3305 12.

115 3312 145 3403 ῆ]
165 3317 238 3387 (alt.)
257 3333 311 3372 om.
329 3318 415 3386 FVb‚
434 3338 472 3375 m.
491 3325 506 3373 2
527 3319 557 3377 B.
632 3327 673 3376 13.
695 3317 753 3375 ἔστι
770 3320 833 3390 BV,
853 3338 943 3392 comp.
958 3323 1013 3377 ΕΙ).
1089 3329 1129 3376 16.

115 3387 152 3460 η]
176 3388 339 3458 om.FVb,
361 3391 488 3447 m.2B.
572 3397 613 3446 20.
640 3393 715 3464 ΗΔ]
739 3393 769 3446 in
792 3393 994 3463 ras.m.1b,
1019 3398 1082 3448 ΔΗ
1101 3392 1128 3446 Ρ.

142 3455 247 3535 μῆνα]
262 3475 316 3519 om.
328 3460 361 3519 V.
417 3467 461 3520 21.
476 3465 530 3517 ΑΓ
540 3459 668 3533 μήαειλ.
715 3470 761 3518 λλ.
770 3462 927 3533 συμμέτρου
937 3464 968 3532 Β,
978 3481 1049 3520 corr.
1059 3483 1096 3520 m.
1106 3471 1129 3518 2.
