2378 3832
373 173 649 225 EIAEMBNTORUM
667 174 776 225 LIBER
793 176 827 226 X.
1063 171 1108 238 53

84 315 523 401 reliquanAlongitudine
537 317 841 382 commensurabilis
858 320 916 381 est.
941 337 1019 402 ergo
1030 315 1109 382 ΒΓ2

85 421 218 488 excedit
240 419 286 486 A2
310 423 469 506 quadrato
492 426 599 488 rectae
625 423 689 488 sibi
713 422 1027 488 commensurabilis.

154 527 228 593 Iam
246 550 324 593 uero
340 526 419 593 ΒΓ2
438 529 573 594 excedat
584 527 630 593 Al
645 529 804 613 quadrato
818 532 927 594 rectae
941 530 1006 593 sibi
1024 550 1109 594 com·

83 635 333 718 mensurabilis,
365 639 399 700 et
429 639 565 721 quartae
596 636 684 719 parti
716 635 869 720 quadrati
895 631 946 697 Α2
975 634 1108 718 aequale

82 745 199 808 rectae
218 744 283 807 ΒΓ
294 741 474 826 adplicetur
489 742 632 825 spatium
645 741 755 826 figura
774 740 934 825 quadrata
948 739 1109 823 deficiens,

82 856 120 913 et
148 849 194 912 sit
217 852 286 912 BA
300 864 343 916 ><
359 852 431 913 AF
456 851 499 930 [u.
522 849 665 928 lemma].
704 845 1003 928 demonstrandum,
1026 848 1109 928 BA,

83 957 161 1020 ΔΓ
180 955 385 1040 longitudine
408 953 717 1020 commensurabiles
742 974 821 1018 esse.

159 1083 237 1125 nam
260 1061 376 1126 iisdem
400 1061 598 1144 comparatis
627 1060 779 1124 similiter
805 1056 1111 1140 demonstrabimus,

86 1189 162 1232 esse
177 1165 257 1231 ΒΓ2
265 1197 308 1219 =
319 1164 364 1231 Α2
375 1169 415 1248 -1-
428 1163 515 1230 ZA‘.
534 1164 614 1230 ΒΓ2
628 1169 737 1230 autem
755 1164 912 1249 quadrato
927 1171 1033 1229 rectae
1048 1162 1111 1228 sibi

86 1273 396 1339 commensurabilis
411 1272 536 1338 excedit
549 1272 741 1356 quadratum
758 1268 811 1334 Al.
835 1271 944 1353 itaque
958 1272 1029 1354 ΒΓ,
1042 1274 1110 1334 ZA

85 1381 299 1466 longitudine
313 1379 620 1445 commensurabiles
634 1382 719 1443 sunt.
743 1398 845 1462 quare
863 1381 930 1442 ΒΓ
944 1378 1043 1442 etiam
1062 1397 1110 1440 re-

88 1487 201 1570 liquae
211 1490 273 1550 ΒΖ
286 1486 326 1566 -Ι-
338 1484 618 1570 AI'longitndine
628 1483 932 1549 commensurabilis
942 1486 992 1548 est
1007 1485 1111 1566 [prop.

86 1591 178 1672 XV}
205 1613 318 1657 uerum
337 1594 399 1656 ΒΖ
409 1594 450 1673 4·
464 1597 497 1655 A
502 1594 534 1655 Γ
543 1595 650 1656 rectae
665 1594 736 1655 ΔΓ
747 1588 1047 1656 commensurabilis
1062 1591 1112 1651 est

90 1701 199 1782 [prop.
213 1697 285 1778 VI].
311 1719 410 1782 quare
431 1697 530 1763 etiam
548 1700 622 1780 ΒΓ,
642 1699 711 1762 ΓΔ
728 1695 933 1780 longitudine
951 1714 1111 1759 commen·

95 1802 260 1868 surabiles
296 1806 371 1868 sunt
400 1805 504 1886 [prop.
528 1801 617 1882 Xlll.
667 1802 778 1886 isque
808 1800 908 1866 etism
933 1798 1111 1864 dirimendo

90 1914 172 1992 BA,
196 1912 267 1994 AF
285 1909 490 1993 longitudine
513 1907 823 1974 commensurabiles
848 1910 933 1973 sunt

165 2015 255 2098 Ergo
274 2015 303 2078 si
322 2014 404 2080 duae
424 2018 530 2079 rectae
548 1996 734 2096 inaequales
753 2013 847 2078 datae
866 2017 953 2097 sunt,
976 2016 1009 2076 et
1029 2031 1112 2096 quae

93 2126 286 2205 sequuntur.

542 2258 667 2325 XVIII.

166 2384 201 2450 Si
225 2385 306 2449 duae
329 2390 436 2449 rectae
463 2385 650 2468 inaequales
679 2383 774 2449 datae
803 2386 891 2466 sunt,
919 2387 951 2448 et
977 2386 1112 2466 quartae

90 2492 184 2577 parti
208 2490 358 2576 quadrati
381 2491 520 2556 minoris
544 2490 678 2576 aequale
702 2490 846 2574 spatium
870 2489 986 2554 maiori
1009 2486 1112 2570 adpli-

91 2603 188 2665 catur
211 2597 318 2684 figura
347 2597 508 2682 quadrata
535 2593 701 2679 deficiens,
730 2595 814 2680 quod
843 2616 914 2659 eam
941 2594 975 2658 in
1002 2596 1112 2678 partes

90 2705 441 2772 incommensurabiles
471 2703 608 2785 diuidat,
636 2703 744 2768 maior
772 2702 929 2787 quadrata
955 2701 1112 2766 minorem

93 2812 229 2877 excedet
252 2810 411 2894 quadrato
435 2813 543 2874 rectae
567 2809 629 2873 sibi
651 2807 999 2873 incommensurabilis.
1032 2807 1113 2871 etsi

95 2921 201 2983 maior
226 2916 385 3002 quadrata
408 2916 568 2980 minorem
591 2915 716 2979 excedit
739 2915 897 2998 quadrato
916 2918 1024 2979 rectae
1048 2913 1113 2977 sibi

131 3157 290 3234 σύμμετρός
309 3157 367 3215 ἔστι
384 3160 418 3231 τῇ
440 3163 494 3213 ΓΔ
513 3159 611 3213 Theon
631 3158 759 3229 (BFVb3
779 3161 837 3212 ΔΓ
852 3156 898 3227 V).
954 3165 996 3211 15.
1016 3152 1112 3227 prinae·

95 3235 160 3305 acl]
184 3250 240 3288 om.
260 3231 357 3286 Theon
376 3229 513 3299 (BFVb).
592 3235 634 3285 17.
657 3225 759 3284 καὶτὰ
780 3226 856 3299 ἑξῆς]
879 3229 917 3301 τῷ
937 3224 1112 3297 diversiora>

96 3303 176 3373 μέρει
193 3303 246 3357 τοῦ
265 3297 323 3356 circi
342 3301 392 3371 τῆς
411 3297 560 3362 ἐλάσσονος
576 3302 637 3355 ἴσον
651 3297 728 3369 παρὰ
744 3295 796 3369 τὴν
810 3300 926 3368 μείζονα
937 3299 1110 3369 ’παραβληθῇ

97 3372 226 3430 ἐλλεῖπον
237 3374 307 3428 εἴδει
317 3370 491 3445 τετραγώνῳ,
510 3369 607 3427 καὶτὰ
623 3365 700 3440 ἑξῆς·
719 3366 789 3440 ὅπερ
805 3369 864 3424 ἔδει
878 3370 971 3435 δεῖξαι
988 3368 1022 3423 V.
1070 3374 1111 3423 18.

96 3443 120 3501 κ’
140 3444 173 3512 Β,
192 3440 229 3514 ιη’
248 3461 305 3513 mg.
380 3450 421 3499 19.
441 3440 509 3499 ὦσιν
527 3444 558 3499 B.
623 3447 666 3499 20.
687 3438 837 3504 ἐλάττονος
852 3441 886 3495 Β.
952 3444 1001 3494 ‘tt
1018 3434 1124 3507 aliaest

97 3534 149 3572 om.
166 3517 197 3581 P,
214 3512 294 3582 μήκη
308 3515 339 3568 Β.
415 3520 457 3573 23.
480 3511 633 3583 ἐλάττονος
649 3517 682 3576 ll.
758 3511 792 3574 ab
807 3515 847 3571 ll.
922 3506 1140 3581 ssvbblwffl·
