2378 3832
115 126 182 189 414
530 133 720 186 APPENDIX.

116 280 148 339 A
171 272 328 339 ἐπίπεδον
350 269 433 361 πρὸς
455 271 493 340 τὸ
518 269 584 340 ἀπὸ
608 277 665 359 τής
684 279 717 341 Γ
734 271 773 341 τὸ
793 270 912 358 ὅμοιον
931 273 987 339 καὶ
1007 271 1132 360 ὁμοίως

116 374 410 466 ἀναγραφόμενον,
434 387 497 447 εἰτε
520 378 711 469 τετράγωνα
734 387 785 466 εἰη
804 377 845 447 τὰ
864 377 1132 469 ἀναγραφόμενα

116 493 181 553 εἰτε
209 487 304 575 έτερα
332 482 555 574 εὐθύγραμμα
587 486 688 574 ὅμοια
720 495 785 555 εἰτε
812 486 930 554 κύκλοι
958 487 1035 572 περὶ
1059 491 1130 555 δια-

115 594 256 680 μέτρους
277 591 336 672 τὰς
358 601 407 678 A,
428 599 472 674 Γ,
500 596 632 680 ἐπείπερ
661 596 697 661 οἰ
716 591 834 661 κύκλοι
856 591 940 681 πρὸς
963 591 1132 679 ἀλλήλους

80 739 96 788 5
115 701 201 768 εἰσίν
225 698 270 780 ὡς
293 701 334 768 τά
356 698 422 767 ἀπὸ
446 705 515 769 τάν
535 704 722 788 διαμέτρων
740 700 942 788 τετράγωνα.
970 697 1131 787 εὕρηνται

115 805 181 892 ἀρα
212 807 269 874 καὶ
301 809 439 876 ἐπίπεδα
470 814 576 894 χωρία
604 806 798 894 ἀσύμμετρα
827 804 999 892 ἀλλήλοις·
1047 803 1129 891 ὅπερ

115 917 183 981 ἔδει
206 916 319 994 δεῖξαι.

182 1021 419 1105 Δεδειγμένων
442 1019 484 1106 δή
507 1019 563 1087 καλ
586 1024 655 1088 τῶν
678 1023 714 1088 ἐκ
738 1018 801 1087 δύο
825 1016 1033 1085 διαστάσεων
1059 1022 1130 1085 δια-

114 1126 233 1214 φόρων
251 1125 471 1214 ἀσυμμέτρων
489 1133 622 1216 χωρίων
641 1129 792 1214 δείξομεν
810 1139 880 1206 τοϊς
897 1122 963 1193 ἀπὸ
982 1129 1042 1212 τής
1061 1136 1130 1193 τῶν

63 1268 96 1316 10
115 1244 259 1319 στερεῶν
282 1241 439 1322 θεωρίας,
455 1233 508 1313 ’ὡς
531 1239 599 1302 ἔστι
622 1235 677 1301 καί
697 1237 812 1321 στερεά
833 1231 1003 1322 σύμμετρά
1021 1257 1058 1299 τε
1074 1231 1131 1298 καί

115 1336 309 1428 ἀσέμμετρα
331 1338 496 1426 ἀλλήλοις.
534 1338 594 1408 έάν
616 1339 681 1428 γὰρ
705 1343 759 1408 ἐπὶ
782 1345 850 1410 των
868 1341 934 1409 ἀπὸ
952 1352 1021 1409 τῶν
1042 1350 1086 1425 Α,
1099 1344 1130 1404 Β

113 1447 331 1533 τετραγώνων
354 1443 462 1533 ήτοὸν
482 1456 564 1514 ἰσων
584 1444 697 1528 αὐτοῖς
715 1443 966 1537 εὐθυγράμμων
985 1447 1131 1533 ἀναστή-

115 1571 225 1638 σωμεν
253 1556 377 1639 ἰσοϋψῆ
406 1555 522 1640 στερεά
549 1559 861 1641 παραλληλεπίπεδα
889 1551 909 1640 ή
937 1560 1132 1642 πυραμίδας

114 1654 134 1745 ή
158 1665 337 1748 πρίσματα,
361 1665 452 1727 ἔσται
470 1658 511 1727 τὰ
530 1658 764 1728 ἀνασταθέντα
781 1660 865 1747 πρὸς
882 1659 1009 1747 άλληλα
1030 1660 1076 1741 ὡς
1095 1665 1133 1728 αἰ

63 1796 95 1845 15
115 1764 237 1849 βάσεις.
282 1766 337 1834 καὶ
360 1771 392 1834 εἰ
413 1767 474 1853 μὲν
498 1766 683 1854 σύμμετροί
707 1771 793 1836 εἰσιν
821 1771 859 1835 αἰ
883 1766 1010 1853 βάσεις,
1046 1768 1130 1855 σύμ-

113 1898 216 1959 μετρα
239 1878 330 1940 ἔσται
353 1874 409 1941 καί
433 1872 472 1941 τά
496 1873 628 1959 στερεά,
657 1878 688 1940 εἰ
714 1873 752 1941 δὲ
775 1872 993 1961 ἀσύμμετροι,
1024 1871 1130 1961 ἀσύμ-

114 2002 224 2063 μετρα.
270 1976 350 2066 ὅπερ
374 1983 442 2047 ἔδει
466 1983 579 2060 δείξαι.

176 2084 274 2154 Ἀλλδι
298 2085 365 2173 μήν
387 2089 443 2154 καί
467 2087 529 2156 δύο
552 2088 686 2156 κύκλων
710 2087 819 2156 ὄντων
840 2091 910 2155 τοόν
936 2096 984 2172 A,
1010 2094 1039 2154 Β
1069 2085 1128 2154 ἐάν

114 2190 170 2259 ἀπ’
183 2191 295 2262 αὐτῶν
311 2198 463 2274 ἰσοϋψεῖς
474 2190 638 2280 κοίνουςή
653 2198 856 2281 κυλίνδρονς
865 2193 1129 2283 ἀναγράψομεν,

60 2327 95 2375 20
114 2303 247 2366 έσονται
270 2299 352 2387 πρὸς
375 2298 540 2386 ἀλλήλους
562 2297 607 2379 ὡς
630 2303 668 2366 αἰ
689 2300 811 2387 βάσεις,
835 2304 1005 2370 τουτέστιν
1029 2301 1078 2383 ὡς
1097 2307 1133 2373 οἰ

114 2414 160 2489 A,
184 2413 212 2473 Β
240 2404 366 2473 κύκλοι.
411 2405 466 2472 καί
490 2410 520 2472 εἰ
542 2405 603 2491 μὲν
626 2405 811 2493 σύμμετροί
831 2411 917 2475 εἰσιν
941 2413 976 2477 οἰ
996 2410 1131 2499 κύκλοι,

114 2511 293 2599 σύμμετροι
317 2515 451 2577 ἔσονται
473 2511 529 2577 καί
554 2514 589 2577 οἰ
608 2537 643 2578 τε
661 2521 766 2579 κῶνοι
783 2512 866 2602 πρὸς
884 2513 1053 2602 ἀλλήλους
1073 2519 1130 2586 καί

187 2767 209 2814 1.
231 2756 379 2829 ἐπίπεδον]
400 2755 475 2820 εἶδος
493 2758 574 2812 BFb.
633 2759 694 2831 τῆς]
714 2776 767 2814 om.
787 2760 817 2815 P.
886 2764 955 2887 ααίχ
972 2783 1002 2818 τε
1022 2769 1079 2820 καί
1095 2768 1128 2822 V.

141 2826 588 2899 2.ἀναγεγραμμένονΒΕ’,ως.λ),
635 2825 962 2900 άναγεγραμμέναΒδ.
1021 2838 1128 2910 3.εἰ’τε]

114 2900 211 2969 (prius)
223 2903 278 2954 εἰτε
289 2903 341 2954 καί
348 2903 376 2955 Ρ.
423 2907 448 2956 4.
460 2896 523 2956 ἐπεὶ
532 2896 593 2971 γάρ,
604 2917 688 2970 supra,
697 2919 746 2956 scr.
755 2921 810 2972 περ
819 2921 856 2956 m.
868 2910 882 2957 1
892 2904 922 2959 F.
938 2905 994 2975 Mg.
1005 2905 1129 2980 μαθήσῃ

113 2971 195 3025 τοῦτο
216 2968 303 3025 ἐντῶ
322 2969 351 3042 β’
371 2972 421 3026 τοῦ
440 2971 480 3042 ιβ’
502 2968 533 3026 έν
551 2977 609 3032 τοῖς
628 2979 750 3039 στερεοῖς
768 2991 805 3029 m.
824 2990 878 3028 rec.
897 2975 928 3028 Β.
1007 2983 1034 3032 6.
1056 2973 1130 3048 ὅπερ

115 3040 173 3096 έδει
192 3025 297 3112 δεῖξαι]
317 3063 365 3096 ιω
384 3042 471 3110 BFb,
495 3045 524 3097 et
541 3043 576 3106 P,
600 3042 649 3095 sed
669 3059 752 3112 supra
771 3062 822 3099 scr.
840 3063 876 3100 m.
899 3051 912 3098 1
933 3062 1024 3115 comp.
1103 3056 1127 3105 8.

113 3109 178 3184 ρπβ
198 3110 228 3164 Β.
290 3119 313 3166 9.
333 3116 441 3183 χωρίων
460 3109 644 3183 ἀσυμμέτρων
663 3114 693 3169 Β.
752 3115 823 3185 τοῖς]
843 3111 874 3169 έν
893 3122 951 3179 τοῖς
970 3117 1025 3173 Vb.
1084 3127 1126 3176 11.

112 3180 170 3237 άπὸ
190 3183 257 3252 τῶν]
278 3200 331 3238 om.
351 3184 381 3238 F.
451 3190 492 3239 12.
512 3180 661 3251 ἀναστήσω
679 3184 713 3251 V,
733 3186 832 3240 deinde
851 3204 935 3256 supra
954 3204 1005 3242 scr.
1027 3188 1128 3255 αὐτοῖς

113 3273 149 3308 m.
166 3260 188 3308 1.
246 3260 287 3308 13.
307 3252 425 3325 ἰσουψῆ]
446 3254 467 3310 ἰ-
487 3255 517 3308 in
530 3272 583 3313 ras.
604 3273 640 3310 m.
657 3261 670 3307 1
686 3255 717 3310 B.
773 3255 876 3326 ἰοονψή
896 3255 997 3324 στερεά
1018 3267 1127 3329 παραλ-

104 3325 294 3399 ληλεπίπεδα]
314 3343 370 3398 mg.
390 3325 423 3394 V,
441 3326 471 3380 in
489 3329 568 3381 textu
587 3326 640 3380 del.
661 3323 764 3395 ἰσουψῆ
783 3324 913 3398 γραμμάς
930 3324 948 3398 ἢ
968 3336 1126 3402 παραλληλ·

96 3401 235 3460 επιλτεδα.
275 3399 569 3475 παραλλήλοεπίπεδα
582 3396 624 3471 δ,
639 3394 801 3466 παράλληλα
819 3395 937 3454 ἐπίπεδα
956 3402 983 3456 b.
1059 3400 1091 3475 ή]
1111 3421 1127 3458 e

87 3488 162 3530 corr.
183 3475 222 3545 F,
255 3475 337 3551 οἷον,
356 3491 448 3549 supra
468 3491 522 3531 ser.
541 3468 562 3544 ἦ
580 3491 620 3527 m.
638 3471 703 3525 U).
778 3473 826 3523 Ἃ.
842 3464 897 3536 &QX
906 3473 1128 3535 mmm-m·
