2378 3832
103 162 170 228 306
491 162 693 215 ΣΤοιαΕιαα
711 157 739 216 ι’.

103 309 172 372 τῶν
191 310 273 389 ΑΗ,
287 311 356 372 ΗΒ
380 303 464 391 ῥητά
484 307 583 391 ἐστιν,
605 307 665 370 καί
684 304 753 370 ἐστι
776 314 846 381 τοῖς
868 298 934 370 άπὸ
954 305 1021 370 τῶν
1039 309 1121 389 ΑΗ,

104 416 172 479 ΗΒ
197 418 272 478 ἴσον
295 409 332 478 τὸ
360 417 446 495 ΔΜ,
470 411 574 497 ῥητὸν
598 407 664 494 άοα
688 408 756 477 ἐστὶ
780 407 817 475 τὸ
841 415 928 476 ΛΜ.
957 408 1014 475 καὶ
1031 407 1120 497 παρά

105 515 211 603 ῥητὴν
229 514 291 603 τὴν
311 521 373 583 ΓΔ
396 515 643 604 παραβέβληται
666 513 791 594 πλάτος
812 517 935 583 ποιοῦν
959 539 1023 601 την
1042 520 1121 582 ΓΜ·

105 624 188 711 ῥητὴ
212 621 278 711 ἅμα
301 623 391 691 ἐστὶν
419 621 440 708 ἡ
464 629 541 689 ΓΜ
563 621 619 689 καὶ
646 620 833 710 σύμμετρος
860 625 899 709 τῇ
924 626 990 688 ΓΔ
1018 620 1122 708 μήκει.

70 751 86 800 σ
105 729 217 815 πάλιν,
241 729 310 798 ἐπεὶ
333 729 437 816 μέσον
461 728 529 797 ἐστὶ
556 727 594 796 τὸ
619 727 671 807 δὶς
690 725 755 797 ὑπὸ
775 731 842 795 τῶν
863 733 944 811 ΑΗ,
963 731 1044 813 ΗΒ,
1067 729 1122 796 καὶ

103 841 149 928 τῷ
174 837 226 918 δὶς
249 834 314 904 ὑπὸ
337 841 406 905 τῶν
429 842 511 920 ΑΗ,
531 842 598 903 ΗΒ
623 843 700 903 ἴσον
722 833 760 903 τὸ
777 841 852 922 ΖΛ,
875 835 979 921 μέσον
998 831 1121 921 ἄρατὸ

105 950 178 1010 ΖΛ.
202 941 256 1009 καὶ
271 940 360 1027 παρὰ
376 938 481 1028 ῥητὴν
498 938 559 1028 τὴν
574 946 637 1008 ΓΛ
650 939 845 1026 παράκειται
862 938 986 1020 πλάτος
1000 944 1122 1009 ποιοῦν

103 1048 170 1135 τὴνΙ
190 1052 275 1113 ΖΜ·
312 1045 394 1133 ῥητὴ
423 1044 488 1135 α”ρα
513 1047 602 1114 ἐστὶν
626 1044 647 1132 ἡ
671 1053 749 1113 ΖΜ
770 1047 826 1113 καὶ
849 1042 1061 1133 ἀσύμμετρος
1083 1057 1120 1136 τῇ

105 1160 166 1221 ΓΛ
189 1152 294 1240 μήκει.
339 1151 394 1219 καὶ
420 1152 489 1219 ἐπεὶ
512 1155 551 1219 τά
575 1152 636 1238 μέν
659 1149 725 1220 άπὸ
749 1156 818 1220 τάν
841 1160 923 1238 ΑΗ,
946 1159 1015 1220 ΗΒ
1040 1150 1122 1239 ῥητά

53 1281 86 1330 10
107 1262 207 1345 ἐστιν,
230 1258 268 1327 τὸ
294 1258 331 1326 δὲ
354 1259 406 1338 δὶς
429 1255 494 1326 ὑπὸ
518 1263 587 1326 τῶν
605 1264 686 1347 ΑΗ,
699 1266 768 1326 ΗΒ
788 1259 902 1345 μέσον,
926 1256 1121 1346 ἀσύμμετρα

105 1365 170 1453 άρα
194 1367 261 1433 ἐστὶ
285 1364 324 1432 τά
346 1362 411 1432 άπὸ
433 1369 501 1432 τῶν
525 1370 607 1451 ΑΗ,
626 1373 695 1432 ΗΒ
718 1369 762 1456 τῷ
787 1366 839 1446 δὶς
862 1362 929 1433 ὑπὸ
952 1369 1022 1434 τῶν,
1042 1371 1120 1450 ΑΗ,

104 1477 181 1540 ΗΒ.
227 1471 282 1538 καὶ
306 1483 375 1552 τοῖς
399 1470 459 1557 μέν
486 1469 552 1539 άπὸ
581 1482 648 1539 τῶν
672 1478 759 1558 ΑΗ,
783 1478 851 1539 ΗΒ
881 1480 956 1539 ἴσον
986 1471 1056 1539 ἐστὶ
1083 1470 1119 1539 τὸ

104 1583 175 1664 ΓΛ,
199 1581 244 1669 τῷ
268 1576 305 1646 δὲ
326 1576 377 1656 δὶς
395 1574 461 1644 ὑπὸ
480 1581 550 1645 τῶν
568 1585 649 1664 ΑΗ,
663 1585 732 1646 ΗΒ
750 1579 788 1646 τὸ
808 1585 883 1646 ΖΛ·
907 1574 1121 1666 ἀσύμμετρον

104 1682 171 1770 ἄρα
199 1685 267 1752 ἐστὶ
295 1686 332 1752 τὸ
358 1690 440 1751 ΔΜ
465 1687 510 1775 τῷ
535 1691 612 1752 ΖΛ.
658 1681 702 1764 ὡς
731 1683 767 1752 δὲ
793 1683 832 1752 τὸ
862 1691 945 1752 ΔΜ
972 1683 1058 1769 πρὸς
1085 1682 1121 1752 τὸ

53 1810 85 1859 15
105 1798 187 1877 ΖΛ,
211 1791 317 1870 οὕτως
340 1791 430 1859 ἐστὶν
454 1788 474 1877 ἡ
499 1796 576 1858 ΓΜ
593 1787 676 1878 πρὸς
698 1787 759 1876 τὴν
784 1796 863 1858 ΖΜ
909 1787 1120 1880 ἀσύμμετρος

105 1895 170 1985 άρα
194 1897 284 1965 ἐστὶν
308 1894 329 1983 ἡ
353 1903 430 1965 ΓΜ
448 1900 487 1985 τῇ
508 1903 586 1963 ΖΜ
604 1895 707 1983 μήκει.
743 1901 803 1963 καί
823 1899 910 1964 εἰσιν
933 1893 1120 1983 ἀμφότεραι

105 2005 213 2090 ῥηταί·
255 2006 293 2070 αἱ
318 2004 384 2091 άρα
412 2010 498 2088 ΓΜ,
523 2008 595 2070 ΜΖ
623 2004 725 2090 ῥηταί
748 2006 813 2070 εἰσι
842 2001 985 2087 δυνάμει
1013 2005 1120 2089 μόνον

104 2107 300 2196 σύμμετροι·
328 2108 349 2195 ἡ
373 2115 433 2176 ΓΖ
457 2108 522 2199 άρα
546 2106 697 2195 ἀποτομή
722 2111 819 2176 ἐστιν.

171 2216 267 2299 Λέγω
293 2212 346 2300 δή,
370 2213 422 2281 ὅτι
444 2214 499 2282 καὶ
522 2213 646 2301 πρώτη.

51 2342 85 2390 20
168 2315 257 2386 Ἐπεὶ
272 2317 344 2407 ,γάρ
368 2330 436 2389 νοόν
460 2316 524 2388 άπὸ
546 2324 614 2387 τῶν
633 2326 715 2405 ΑΗ,
735 2326 802 2387 ΗΒ
825 2320 928 2406 μέσον
947 2317 1121 2407 άνάλογόν

104 2425 173 2492 ἐστι
195 2423 232 2493 τὸ
258 2423 323 2493 ὑπὸ
347 2429 416 2495 τῶν
439 2432 521 2510 ΑΗ,
543 2433 624 2511 ΗΒ,
647 2429 707 2494 καί
727 2427 795 2494 ἐστι
818 2429 863 2517 τῷ
888 2424 948 2512 μὲν
973 2423 1039 2495 άπὸ
1062 2431 1122 2514 τῆς

102 2538 181 2599 ΑΗ
203 2539 279 2601 ἴσον
303 2530 339 2600 τὸ
365 2538 442 2617 ΓΘ,
464 2535 514 2624 ,τῷ
547 2532 584 2600 δὲ
611 2530 676 2600 άπὸ
698 2537 757 2620 τῆς
779 2539 853 2600 ΒΗ
877 2540 953 2601 ἴσον
976 2530 1015 2600 τὸ
1039 2539 1121 2619 ΚΛ,

102 2642 146 2731 τῷ
172 2639 209 2707 δὲ
232 2636 297 2707 ὑπὸ
323 2642 390 2706 τάν
413 2644 496 2723 ΑΗ,
519 2645 588 2705 ΗΒ
611 2637 648 2706 τὸ
672 2645 758 2725 ΝΛ,
781 2638 838 2706 καὶ
861 2642 929 2707 τάν
952 2644 1025 2725 ΓΘ,
1049 2645 1121 2707 ΚΛ

103 2742 168 2831 άρα
191 2746 294 2832 μέσον
318 2742 490 2830 ἀνάλογόν
514 2747 583 2812 ἐστι
606 2741 643 2811 τὸ
668 2750 751 2811 ΝΛ·
793 2748 884 2812 ἔστιν
912 2741 978 2830 άρα
1007 2742 1052 2824 ὡς
1080 2744 1118 2813 τὸ

48 2871 82 2921 25
101 2856 163 2916 ΓΘ
186 2849 268 2938 πρὸς
290 2850 328 2918 τὸ
353 2857 391 2917 Ν
394 2857 439 2935 Λ,
465 2848 570 2930 οὕτως
593 2848 631 2918 τὸ
655 2857 726 2917 ΝΛ
748 2847 832 2937 πρὸς
855 2849 893 2918 τὸ
917 2856 995 2918 ΚΛ.
1041 2847 1117 2918 ἀλλ’

103 2952 147 3034 ὡς
170 2956 231 3042 μὲν
255 2954 291 3023 τὸ
312 2962 375 3023 ΓΘ
396 2954 480 3042 πρὸς
503 2954 540 3024 τὸ
560 2963 642 3042 ΝΛ,
666 2953 772 3037 οὕτως
796 2957 886 3024 ἐστὶν
911 2954 931 3043 ἡ
951 2962 1021 3024 ΓΚ
1035 2956 1119 3043 πρὸς

176 3156 198 3203 1.
219 3146 288 3217 βητά
308 3181 343 3189 -
362 3157 386 3206 2.
407 3151 478 3222 HR]
498 3169 554 3220 mg.
574 3169 609 3205 m.
630 3157 645 3204 2
665 3151 696 3209 B.
771 3157 795 3205 1.
816 3148 906 3238 ἐστιν]
924 3146 982 3205 ἔστι
1000 3150 1115 3219 PBVb‚

102 3237 192 3290 comp.
211 3219 241 3274 F.
313 3222 365 3273 καί
381 3216 440 3275 ἐστι
457 3221 529 3292 τοῖς]
549 3229 606 3284 τοῖς
625 3221 657 3276 δέ
677 3223 710 3276 V.
784 3229 808 3277 3.
829 3241 1000 3289 παράκειται
1019 3221 1116 3277 Theon

102 3290 244 3360 (BFVb);
262 3290 475 3363 παραβέβληται
494 3309 579 3361 supra
597 3293 660 3346 add.
681 3311 716 3347 m.
738 3299 753 3347 2
772 3292 804 3348 B.
878 3299 901 3348 6.
922 3294 973 3364 τῷ]
993 3309 1062 3348 corr.
1083 3309 1115 3347 ex

100 3358 132 3416 τό
152 3361 214 3415 FV.
270 3367 294 3417 8.
315 3358 403 3434 ἐστίν]
424 3359 546 3417 έστὶααί
562 3364 593 3416 Β.
649 3364 698 3418 καὶ
716 3358 906 3436 ἀσύμμετρος]
925 3364 969 3419 bis
989 3365 1017 3421 b.
1074 3370 1114 3418 10.

98 3429 157 3488 ἔστι
176 3433 238 3504 BV,
259 3449 349 3506 comp.
370 3435 397 3503 b,
418 3432 470 3488 εἰσι
489 3435 531 3488 F?
606 3432 676 3504 μέσα
695 3434 727 3501 P,
746 3435 823 3502 etF,
843 3452 913 3490 corr.
932 3453 969 3489 m.
991 3441 1016 3490 1.
1073 3440 1113 3490 11.

87 3502 162 3581 άρα]
182 3523 238 3567 om.
259 3507 291 3566 Β.
370 3502 446 3565 ἐστίν
465 3507 498 3563 Ρ.
572 3512 617 3561 Ὠ.
635 3506 707 3576 ααῆ
720 3501 977 3560 ααίἒοτιᾏῖἵῐα.
1039 3502 1114 3575 ἐστι’]
