2378 3832
366 168 640 226 nnsnnnroaun
658 170 767 221 urana
785 171 818 222 x.
1033 168 1101 235 355

85 309 212 375 mediae
240 313 409 395 apotomes
438 311 596 376 secundae
625 311 779 387 rationali
803 312 1001 397 adplicatum
1024 315 1127 379 lati·.

84 416 233 481 tudinem
258 416 359 481 efficit
382 421 557 502 apotomen
580 419 710 483 tertiam
735 420 840 502 [prop.
862 417 997 504 xum,
1023 443 1100 506 qua-

85 523 216 587 dratum
236 526 345 588 autem
362 523 497 588 minoris
511 524 665 588 rationali
680 523 879 609 adplicatum
893 525 1099 592 latitudinem

85 629 186 694 efficit
209 632 385 713 apotomen
409 633 559 713 quartam
583 632 688 714 [prop.
703 627 754 711 0],
778 629 971 721 quadratum
990 635 1100 697 autem

85 740 193 801 rectas
212 758 286 801 oum
304 736 456 801 rationali
474 739 581 802 totum
600 735 742 801 medium
759 736 932 801 efficientis
946 736 1100 802 rationali

44 880 47 885 ·
86 843 284 925 adplicatum
298 841 505 908 latitudinem
520 841 621 908 efficit
635 845 809 926 apotomen
828 843 975 928 quintam
995 845 1099 928 [prop.

85 947 153 1032 01],
172 947 366 1033 quadratum
385 951 494 1014 autem
507 953 614 1015 rectae
629 971 701 1014 eum
715 949 822 1014 medio
836 953 943 1014 totum
958 948 1099 1014 medium
1137 1008 1141 1015 .

85 1054 258 1119 efficientis
281 1055 433 1119 rationali
457 1052 654 1138 adplicatum
678 1055 885 1120 latitudinem
904 1055 1005 1120 effioit
1023 1077 1100 1141 apo·

84 1165 199 1227 tomen
222 1164 347 1225 sextam
372 1163 480 1245 [prop.
504 1158 590 1240 011}
636 1160 703 1224 iarn
727 1161 881 1245 quoniam
903 1162 1100 1246 latitudines,

86 1289 168 1352 quas
186 1267 336 1351 diximus,
355 1270 388 1332 et
406 1289 426 1331 a
444 1268 548 1348 prima
567 1270 600 1331 et
618 1267 703 1331 inter
717 1288 752 1332 se
767 1267 928 1351 differunt,
947 1289 967 1331 a
984 1267 1099 1351 prima,

85 1375 162 1460 quia
179 1373 349 1438 rationalis
368 1375 427 1456 est,
449 1373 535 1437 inter
553 1395 588 1438 se
607 1375 725 1457 autem,
744 1373 820 1458 quia
839 1373 951 1438 ordine
970 1374 1100 1438 eaedem

85 1500 153 1545 non
177 1483 261 1563 sunt,
284 1479 432 1564 adparet,
458 1480 547 1563 ipsas
575 1501 703 1565 quoque
726 1480 933 1545 irrationales
957 1480 1043 1545 inter
1066 1503 1099 1546 ae

85 1586 222 1652 differre.
241 1585 285 1651 Et
294 1587 449 1672 quoniam
462 1585 765 1674 demonstrauimus,
781 1591 957 1670 apotomen
966 1588 1099 1652 eandem

84 1715 151 1758 non
175 1715 246 1758 esse
270 1714 308 1757 ao
330 1694 453 1758 restam
472 1714 511 1757 ex
530 1693 654 1758 duobus
672 1693 860 1757 nominibus
881 1695 986 1777 [prop.
1001 1691 1116 1775 OXH,

85 1805 119 1865 et
152 1799 306 1866 rationali
338 1797 521 1884 adplicatae
553 1801 659 1863 reatae
686 1798 892 1863 irrationales
925 1802 1099 1882 apotomen

84 1909 257 1991 sequentes
271 1905 457 1970 latitudines
469 1905 614 1969 efficiunt
629 1907 799 1989 apotomes
814 1903 990 1969 seeundum
1004 1926 1098 1968 snum

53 2080 56 2087 ,
84 2035 232 2099 quaeque
251 2012 407 2097 ordinem,
425 2012 631 2077 irrationales
651 2015 759 2077 autem
777 2014 899 2075 rectam
919 2031 958 2074 ex
973 2010 1098 2075 duobus

84 2119 272 2185 nominibus
301 2122 472 2203 sequentes
499 2122 604 2182 rectas
634 2138 672 2181 ex
700 2118 825 2183 duobus
854 2116 1039 2182 nominibus
1067 2098 1100 2181 et

85 2227 177 2310 ipsae
206 2225 380 2291 seeundum
413 2245 506 2288 suum
537 2244 682 2307 quaeque
714 2224 872 2306 ordinem,
907 2224 990 2289 aliae
1024 2227 1099 2291 sunt

83 2333 292 2398 irrationales
329 2333 504 2415 apotomen
540 2332 729 2415 sequentes,
771 2331 855 2397 aliae
892 2331 1098 2397 irrationales

83 2443 207 2505 rectam
231 2460 271 2502 ex
293 2438 418 2503 duobus
441 2435 629 2501 nominibus
653 2440 833 2523 sequentes,
856 2438 964 2502 itaut
987 2459 1097 2502 omnes

82 2542 166 2610 XIII
188 2544 396 2610 irrationales
420 2543 531 2609 ordine
554 2542 616 2608 hae
640 2544 718 2608 sint:

155 2654 183 2715 1.
205 2649 322 2715 Media.

152 2759 183 2821 2.
206 2756 308 2822 Recta
331 2778 370 2822 ex
393 2755 519 2820 dnobus
541 2754 737 2821 nominibus.

152 2864 182 2928 3.
200 2862 255 2927 Ἐκ
279 2863 403 2928 duabus
426 2862 542 2926 mediis
565 2861 679 2944 prima.

152 2971 182 3036 4.
204 2968 255 3034 Ex
280 2968 403 3034 duabus
426 2967 541 3033 mediis
566 2966 714 3031 secunda.

152 3075 182 3141 5.
204 3075 318 3141 Maior.

153 3183 182 3246 6.
206 3182 308 3248 Recta
323 3181 430 3267 spatio
442 3179 595 3246 rationali
610 3183 642 3245 et
654 3179 759 3245 medio
771 3182 917 3266 aequalis
929 3182 1096 3267 quadrata.

83 3375 137 3447 μέν
155 3376 192 3443 B,
216 3372 318 3446 αἰμέν
340 3376 372 3444 b,
396 3373 449 3445 μέν
468 3391 552 3460 supra
571 3374 633 3459 add.
653 3392 690 3429 m.
709 3382 724 3429 2
742 3376 772 3429 1⁴¹.
857 3383 898 3431 19.
923 3371 974 3437 τὰς
993 3370 1025 3428 lu
1044 3371 1097 3429 δύο

83 3443 245 3518 ὀνομάτων]
265 3463 319 3501 om.
338 3446 372 3502 V.
445 3451 487 3500 20.
507 3464 596 3506 avane
614 3446 640 3499 b.
714 3444 784 3501 εἰσιν
804 3441 860 3516 ἄρα
879 3446 913 3501 V.
985 3451 1028 3500 21.
1048 3442 1098 3516 αἱ]

83 3534 138 3574 orn.
156 3518 186 3574 F.
257 3513 345 3590 perot]
362 3513 436 3574 κατά
455 3514 487 3574 Ρ.

912 3599 974 3655 *aa*
