2378 3832
96 157 162 221 114
482 157 684 210 nomm
703 153 730 211 ι’.

95 297 217 383 ίίλογος
239 297 305 385 ῦρα
323 297 413 365 ἐστὶν
431 294 452 384 ἡ
472 303 553 382 ΑΓ,
575 302 740 365 καλείσθω
760 296 798 365 δὲ
821 299 861 365 ἐκ
886 296 958 365 δύο
982 299 1114 384 μέσων

96 405 269 505 δευτέρα.
316 401 395 491 ὅπερ
419 407 487 472 ἔδει
511 407 627 484 δεῖξαι.

575 632 640 700 W.

159 754 247 825 Ἐὰν
278 756 350 825 δύο
374 754 533 824 εὐθεῖαι
557 755 725 843 δυνάμει
749 753 997 843 ἀσύμμετροι
1020 775 1114 822 συν-

59 868 243 931 σπεθῦσι
276 866 462 930 ποιοῦσαι
496 859 538 929 τὸ
569 861 640 948 μὲν
671 867 933 948 συγκείμενον
964 864 1004 930 ἐκ
1035 865 1117 930 νῦν

95 967 159 1044 ἄπ’
184 967 314 1038 αὐτῶν
336 966 596 1054 τετραγώνων
620 966 756 1055 ῥητόν,
778 971 821 1035 τὸ
841 965 872 1034 θ’
894 964 955 1034 ὑπ’
982 965 1117 1035 αῦπῦν

95 1079 231 1162 μέσον,
260 1071 374 1161 ἡὸλιγ
400 1071 538 1141 εὐθεῖα
562 1072 707 1160 ἄλογός
730 1074 854 1159 ἐστιν,
881 1078 1050 1141 καλείσθω
1075 1073 1115 1141 δὲ

95 1186 245 1268 μείζων.

161 1293 428 1374 Συγκείσθωσαν
456 1284 519 1374 γὰρ
548 1284 611 1354 δῦο
641 1284 771 1354 εὐθεῖαι
800 1285 941 1373 δυνάμει
964 1285 1114 1373 ἀσύμμε-

42 1408 75 1459 10
93 1420 167 1482 προι
191 1397 228 1460 αί
248 1401 330 1478 ΑΒ,
353 1399 420 1461 ΒΓ
442 1396 599 1460 ποιοῦσαι
622 1390 662 1459 τὰ
685 1398 898 1480 προκείμενα·
929 1393 1031 1478 λέγω,
1060 1391 1114 1462 ὅτι

94 1499 217 1587 ῦλογίς
240 1503 330 1568 ε’στιυ
353 1496 374 1586 ἡ
394 1505 466 1567 ΑΓ.

158 1605 247 1674 Ἐπεὶ
270 1608 395 1693 γὰρτὸ
423 1602 488 1672 ὑπὸ
511 1609 580 1671 νῦν
603 1608 685 1689 ΑΒ,
708 1610 775 1672 ΒΓ
793 1607 897 1691 μέσον
921 1607 1027 1692 ἐστίν,
1056 1607 1115 1674 καλ

94 1714 132 1782 πὸ
160 1715 213 1793 θὶς
241 1711 334 1800 [ἄρα]
357 1709 423 1779 ὑπὸ
445 1715 513 1792 νῦν
540 1718 627 1796 ΑΒ,
652 1715 718 1778 ΒΓ
736 1714 839 1797 μέσον
865 1715 965 1780 ἐστίν.
1010 1715 1049 1781 τὸ
1074 1713 1115 1782 δὲ

95 1826 315 1906 συγκείμενον
338 1815 374 1885 ἐκ
398 1822 466 1885 νῦν
489 1815 564 1884 ῦπὸν
578 1827 647 1884 τῶν
669 1824 750 1903 ΑΒ,
773 1823 840 1885 ΒΓ
858 1817 974 1904 ῥητόν·
1004 1815 1113 1904 ἆσῦμ

42 1939 75 1990 15
94 1950 216 2014 μετρου
247 1923 312 2012 ῦρα
343 1923 411 1992 ἐστὶ
433 1927 471 1990 τὸ
496 1923 548 2002 δὶς
575 1921 641 1990 υπὸ
667 1927 736 1990 νῦν
764 1932 844 2008 ΑΒ,
867 1930 937 1992 ΒΓ
957 1928 1003 2015 τῷ
1033 1945 1113 2010 συγ-

93 2034 233 2120 κειμένῳ
262 2031 298 2097 ἐκ
322 2033 390 2097 νῦν
413 2028 477 2096 ἀπὸ
498 2034 566 2096 τῶν
589 2036 671 2114 ΑΒ,
694 2035 768 2096 ΒΓ·
793 2027 876 2098 ὥστε
901 2031 956 2097 καὶ
980 2033 1019 2098 τὰ
1044 2028 1112 2099 ἀπὸ

93 2139 162 2204 νῦν
184 2143 266 2220 ΑΒ,
289 2141 357 2203 ΒΓ
373 2138 454 2222 μετὰ
478 2139 539 2202 τοῦ
563 2136 615 2213 δὶς
636 2131 702 2203 ὑπὸ
725 2138 794 2232 νῦν
818 2144 899 2222 ΑΒ,
923 2142 1000 2222 ΒΓ,
1028 2136 1112 2225 ὅπερ

94 2240 163 2308 ἐστὶ
185 2240 223 2308 τὸ
248 2238 313 2309 ἀπὸ
336 2245 395 2326 τῆς
412 2249 444 2307 Α
450 2246 492 2325 Γ,
515 2240 728 2327 ἀσύμμετρόν
750 2244 819 2310 ἐστι
837 2246 883 2333 τῷ
903 2244 1110 2332 συγκειμένῳ

94 2349 128 2415 ἐκ
158 2350 226 2415 νῦν
249 2345 313 2414 ἀπὸ
336 2350 405 2414 νῦν
428 2353 505 2432 ΑΒ,
529 2352 595 2413 ΒΓ
620 2345 742 2433 [ῥυτὸν
765 2347 803 2415 δὲ
824 2345 862 2415 τὸ
887 2353 1110 2434 συγκείμενον

39 2471 75 2520 20
95 2456 130 2521 ἐκ
152 2456 220 2521 νῦν
244 2451 309 2519 ἀπὸ
332 2456 400 2519 νῦν
423 2459 504 2537 ΑΒ,
527 2457 617 2535 BNJ·
649 2451 773 2539 ἄλογον
797 2453 862 2541 ῦρα
887 2454 955 2522 ἐστὶ
978 2458 1016 2522 τὸ
1041 2452 1110 2524 ἀπὸ

93 2563 152 2645 τῆς
174 2564 247 2627 ΑΓ.
280 2555 440 2626 ὥστεκαὶ
463 2553 483 2643 ἡ
507 2562 577 2624 ΑΓ
595 2556 718 2644 ἄλογός
741 2560 848 2644 ἐστιν,
876 2564 1045 2628 καλείσθω
1070 2561 1111 2630 δὲ

93 2670 245 2752 μείζων.
287 2662 366 2750 ὅπερ
391 2666 457 2730 ἔθει
482 2665 594 2744 δεῖξαι.

582 2875 614 2963 μί

121 3006 124 3010 ’
158 2998 245 3068 Ἐὰν
274 2999 347 3068 δύο
372 2998 527 3069 εὐθεῖαι
551 2999 721 3087 δυνάμει
745 2999 991 3089 ιἰσῦμμεπροι
1015 3022 1111 3070 συν-

38 3131 73 3180 25
93 3111 240 3176 ιεθῶσι
275 3112 464 3175 ποιοῦσαι
495 3132 537 3175 το
569 3106 638 3193 μὲν
670 3112 930 3193 συγκείμενον
961 3108 1001 3174 ἐκ
1030 3112 1111 3175 τῶν

94 3211 156 3281 ἀπ’
183 3212 312 3281 αῦιῦυ
334 3214 595 3301 τετραγώνων
614 3215 752 3300 μέσον,
775 3240 815 3281 το
841 3210 872 3280 θ’
894 3210 954 3280 ὑπ’
976 3209 1109 3280 αὐτῶν

163 3433 189 3485 2.
208 3393 343 3500 θενιέρα]
360 3443 417 3494 seq.
437 3398 534 3495 schol„
551 3444 579 3480 u.
598 3443 662 3495 app.
720 3419 790 3494 ὅπερ
810 3404 869 3480 ἔδει
888 3426 993 3498 δεῖξαι]
1014 3443 1105 3549 οοωγ.

76 3496 184 3563 Rom,
207 3498 322 3552 BFVb.
390 3505 416 3555 3.
436 3494 498 3572 W]
516 3515 571 3555 om.
589 3497 620 3569 b,
639 3493 663 3569 μ’
682 3495 714 3553 Β.
780 3502 807 3551 4.
824 3498 1000 3553 συντεθῶσιν
1018 3495 1103 3552 ΡΒ.
