2378 3832
125 155 168 217 74
507 155 709 206 Σσοικοιοα
727 149 753 206 ι’.

124 302 155 365 εέ
173 295 212 365 δὲ
230 291 438 382 ἀσύμμετρός
457 296 524 362 έστι
543 299 582 382 τῇ
598 300 669 361 ΖΗ
682 294 789 382 μήκει,
809 298 846 362 αἱ
863 302 939 382 ΚΘ,
954 303 1031 363 ΘΜ
1045 299 1149 383 ῥηταί

124 407 188 470 εἰσι
212 401 353 489 δυνάμει
376 402 483 489 μόνον
507 400 702 489 σύμμετροι·
727 403 830 488 μέσον
850 400 915 490 ι’έρα
933 401 971 470 τὸ
989 410 1065 471 ΘΝ.
1104 406 1143 472 τὸ

123 515 194 576 ΘΝ
219 507 285 595 ἄρα
312 507 386 594 ήτοι
414 507 518 594 ῥητὸν
541 505 562 594 ή
586 509 688 595 μέσον
712 509 811 577 ἐστίν.
854 516 930 577 ἴσον
953 510 991 577 δέ
1012 508 1050 578 τὸ
1074 517 1151 577 ΘΝ

123 619 168 707 τῷ
193 622 269 683 ΑΓ·
292 614 330 683 τὸ
354 621 423 683 ΑΓ
442 612 509 703 ἄρα
531 613 606 701 ήτοι
630 612 772 703 ήήτὸνή
796 616 900 702 μέσον
923 619 1023 685 ἐστίν.

88 742 105 792 5
194 719 239 789 Τὸ
262 720 326 810 ἄρα
350 718 416 789 ὑπὸ
435 722 547 808 μέσων
565 722 708 808 δυνάμει
726 720 834 808 μόνον
853 722 1061 809 συμμέτρων,
1086 725 1144 790 καὶ

122 826 163 896 τὰ
186 829 267 915 ἑξῆς.

599 934 657 1012 κς’.

190 1059 327 1127 Μέσον
350 1058 474 1146 μέσον
497 1056 570 1145 οὐχ
593 1057 777 1147 ὑπερέχει
801 1061 910 1150 ῥητῷ.

190 1169 234 1232 Εἰ
265 1162 328 1251 γὰρ
362 1164 523 1249 δυνατόν,
555 1165 659 1252 μέσον
692 1167 729 1233 τὸ
760 1173 826 1232 AB
854 1167 959 1253 μέσον
985 1170 1047 1233 τοῦ
1077 1172 1150 1248 ΑΓ

29 1286 34 1293 ’
71 1290 105 1341 10
124 1269 306 1358 ὑπερεχέτω
338 1272 425 1361 ῥητῷ
454 1275 499 1361 τῷ
530 1278 611 1356 ΔΒ,
640 1272 695 1338 καὶ
724 1273 885 1340 ἐκκείσθω
914 1270 996 1359 ῥητή
1020 1268 1040 1357 ή
1066 1279 1143 1356 ΕΖ,

123 1377 178 1444 καὶ
200 1380 245 1467 τῷ
274 1385 339 1444 AB
368 1385 444 1445 ἴσον
471 1376 559 1462 παρὰ
583 1375 645 1463 τήν
669 1385 732 1444 ΕΖ
760 1376 1028 1464 παραβεβλήσθω
1057 1401 1143 1465 παρ-

124 1482 404 1571 αλληλόγραμμον
442 1480 657 1570 ὀρθογώνιον
693 1483 731 1550 τὸ
770 1490 833 1550 ΖΘ
865 1483 987 1562 πλάτος
1016 1488 1144 1552 ποιοῦν

122 1588 185 1676 τήν
209 1596 286 1676 ΕΘ,
315 1593 360 1681 τῷ
390 1578 519 1657 ὑέἈΓ
538 1585 828 1677 ἴσον,οἰφχρήσθω
851 1589 888 1657 τὸ
914 1595 995 1656 ΖΗ·
1019 1587 1143 1657 λοιπὸν

123 1695 189 1783 ἄρα
211 1695 249 1764 τὸ
272 1703 340 1762 ΒΑ
363 1698 467 1786 λοιπῷ
491 1699 536 1787 τῷ
555 1702 621 1764 ΚΘ
644 1697 734 1763 ἐστιν
758 1705 843 1764 ἴσον.
880 1693 984 1782 ῥητόν
1007 1694 1048 1763 δέ
1069 1697 1140 1763 ἐστι

71 1822 104 1872 15
122 1803 160 1871 τὸ
186 1810 264 1870 ΔΒ·
294 1799 396 1889 ῥητὸν
426 1799 491 1888 ὑρα
511 1803 579 1869 ἐστὶ
601 1801 657 1869 καὶ
680 1802 718 1870 τὸ
742 1809 819 1870 ΚΘ.
856 1802 924 1868 ἐπεὶ
948 1794 1012 1869 οὑν
1035 1801 1142 1887 μέσον

123 1909 214 1978 ἐστὶν
232 1907 390 2003 ἑκάτερον
404 1911 476 2006 ,τῶν
495 1915 572 1990 ΑΒ,
593 1914 670 1990 ΑΓ,
693 1912 753 1976 καί
772 1909 841 1975 ἐστι
864 1907 901 1975 τὸ
924 1906 986 1996 μὲν
1005 1914 1071 1974 ΑΒ
1093 1911 1141 1998 τῷ

123 2022 185 2083 ΖΘ
208 2023 295 2100 ἴσον,
318 2012 355 2081 τὸ
381 2013 418 2081 ὑὲ
441 2019 509 2081 ΑΓ
527 2017 572 2104 τῷ
598 2020 674 2098 ΖΗ,
697 2016 801 2100 μέσον
823 2011 889 2101 ἄρα
906 2014 963 2081 καὶ
982 2013 1142 2101 ἑκάτερον

121 2123 189 2187 τῶν
219 2126 290 2206 ΖΘ,
315 2126 389 2186 ΖΗ.
426 2121 482 2186 καὶ
508 2117 598 2207 παρὰ
626 2117 731 2206 ῥητήν
753 2119 815 2205 τήν
840 2127 901 2186 ΕΖ
930 2107 1142 2208 παράκειται·

122 2223 205 2313 ῥητή
229 2224 294 2313 ἄρα
318 2225 408 2294 ἐστὶν
427 2226 564 2311 ἑκατέρα
583 2227 651 2292 τῶν
671 2232 744 2311 ΘΕ,
762 2232 837 2292 ΕΗ
853 2225 909 2293 καὶ
928 2221 1141 2315 ἀσύμμετρος

71 2350 106 2401 2ο
124 2336 164 2420 πή
188 2339 251 2399 ΕΖ
275 2329 378 2418 μήκει.
426 2330 481 2398 καὶ
506 2330 575 2398 ἐπεὶ
598 2329 701 2417 ῥητόν
725 2334 793 2398 ἐστι
816 2329 853 2399 τὸ
878 2339 945 2399 ΛΒ
967 2338 1026 2399 καί
1047 2335 1141 2401 έστιν

124 2446 201 2506 ἴσον
227 2440 272 2530 τῷ
295 2444 376 2523 ΚΘ,
406 2435 510 2524 ῥητὸν
537 2435 602 2524 ἄρα
630 2436 699 2504 ἐστὶ
721 2439 777 2505 καὶ
800 2436 837 2506 τὸ
862 2445 936 2505 ΚΘ.
967 2439 1023 2506 καὶ
1047 2437 1138 2525 παρὰ

122 2542 227 2632 ῥητήν
250 2541 311 2630 τήν
331 2550 393 2611 ΕΖ
417 2541 626 2629 παράκειται·
649 2541 731 2630 ῥητή
754 2542 820 2629 ἄρα
844 2544 934 2612 ἐστὶν
953 2541 975 2630 ή
994 2551 1064 2612 ΗΘ
1081 2545 1138 2612 καὶ

123 2649 309 2738 σύμμετρος
330 2652 370 2736 τῇ
394 2656 456 2716 ΕΖ
479 2648 584 2736 μήκει.
636 2647 720 2717 ἀλλὰ
745 2649 800 2716 καὶ
823 2647 843 2736 ή
869 2656 942 2717 ΕΗ
960 2648 1044 2736 ῥητή
1068 2653 1138 2719 ἐστι

197 2868 220 2916 1.
240 2861 309 2934 ΚΘ]
329 2877 397 2917 corr.
417 2860 447 2914 in
467 2863 524 2917 ΘΚ
540 2863 661 2919 m.2v.
725 2864 787 2916 ΘΝ
807 2860 839 2930 B,
859 2864 925 2916 ΘΜ
940 2857 997 2931 ἄρα
1015 2863 1045 2916 Ρ.
1111 2871 1137 2919 2.

122 2930 193 2988 εἰσιν
212 2933 271 2986 ΡΒ.
345 2932 421 3003 ΘΝ]
446 2933 475 2986 in
494 2949 548 2988 ras.
568 2932 600 2988 V.
674 2939 699 2986 3.
718 2928 794 3003 ἤτοι]
821 2949 875 2987 om.
893 2932 948 2989 Fb.
1022 2928 1137 3003 ἐστινή

121 3003 208 3074 μέσον
226 3001 261 3058 V.
333 3009 359 3058 4.
379 2999 440 3058 ἐστί
456 3004 522 3072 BV,
546 3021 637 3073 comp.
661 3002 711 3058 Fb.
784 3009 809 3058 5.
829 2999 861 3056 τὸ
880 3000 954 3075 ἄρα]
977 3004 1034 3059 τῶν
1054 3002 1087 3059 δέ
1106 3005 1135 3059 F.

157 3072 252 3144 μόνων
271 3073 301 3128 Ε.
373 3070 476 3129 καὶτὰ
496 3070 574 3144 ἕξής]
595 3070 718 3129 εὑθειῶν
736 3071 939 3145 περιεχόμενον
959 3069 1137 3144 ὀρθογώνιον

120 3139 185 3215 ήτοι
204 3140 289 3216 ήητὺν
307 3140 325 3213 ἢ
345 3141 430 3214 μέσον
451 3141 539 3200 έστίνε
559 3169 594 3193 ω
612 3145 643 3199 Ρ.
702 3151 726 3199 6,
745 3143 812 3200 Post
826 3139 890 3213 ἑξῆς
909 3144 973 3198 add.
988 3139 1061 3214 ὅπερ
1077 3143 1137 3202 ἔδει

121 3216 216 3282 δεῖξαι
234 3216 267 3271 V.
323 3221 347 3270 ⁷.
367 3215 411 3284 κη’
431 3216 461 3283 Ρ,
481 3233 551 3271 corr.
570 3235 607 3270 m.
626 3233 680 3270 ree.
737 3222 777 3270 10.
797 3211 930 3285 ὑπερέχει
948 3216 980 3283 Κ,
999 3216 1049 3271 sed
1066 3232 1136 3271 corr.

159 3292 200 3342 11.
224 3287 280 3361 τῳ]
303 3287 341 3360 τῷ
360 3285 413 3357 μέν
432 3288 463 3356 Β,
482 3283 514 3342 τὸ
534 3285 585 3356 μέν
604 3288 630 3342 b.
706 3292 746 3341 14.
772 3288 830 3341 ΘΚ
845 3285 875 3342 Ε.
950 3292 992 3342 15.
1017 3288 1086 3358 AB]
1107 3288 1137 3342 in

121 3373 176 3413 ras.
193 3356 228 3414 V.
285 3353 360 3412 ἐστίν
378 3358 408 3412 Ρ.
478 3360 536 3412 ΘΚ
552 3357 579 3412 b.
653 3364 694 3412 16.
716 3355 785 3428 ἐστι]
806 3354 881 3413 ἐστιν
900 3358 931 3412 Β.
1007 3363 1051 3414 17.
1068 3358 1135 3429 καί]

120 3442 176 3484 om.
194 3429 221 3484 b.
295 3433 338 3484 18.
357 3424 547 3498 παράκεινται
565 3429 598 3483 V.
659 3434 701 3484 21.
722 3425 795 3498 ἐστί]
816 3424 891 3484 ἐστίν
910 3429 941 3486 P.
1004 3434 1049 3484 22.
1068 3428 1137 3484 Post

104 3499 231 3555 aalma,
253 3505 269 3553 1
288 3498 347 3553 litt.
371 3499 402 3555 V.

68 3578 73 3609 Ι
