2332 3840
104 164 171 229 390
519 166 708 217 APPENDIX.

103 305 170 374 ὑπὸ
188 309 257 374 τῶν
272 268 349 391 ΑΒ,
363 310 430 372 ΒΓ
447 304 531 392 πρὸς
548 304 587 372 τὸ
606 304 672 374 ἀπὸ
690 310 751 392 τῆς
765 313 838 376 ΒΓ.
872 303 1097 391 ἀναγεγράφθω

104 410 169 498 γὰρ
196 409 263 479 ἀπὸ
289 417 349 498 τῆς
375 417 442 479 ΒΓ
468 414 680 500 τετράγωνον
707 411 745 480 τὸ
775 419 929 499 ΒΔΕΓ,
960 413 1014 479 καὶ
1039 430 1100 496 σνμ
1154 466 1156 497 =

104 517 336 605 τεαίηρώσθω
356 517 393 586 τὸ
413 527 484 585 ΑΔ
502 516 863 607 παραλληλόγραμμον.
900 517 1046 607 φανερὸν
1062 515 1102 602 δή,

105 622 156 692 ὅτι
188 625 278 693 ἐστὶν
311 621 356 704 ὡς
387 651 408 710 η
437 633 502 692 ΑΒ
533 623 617 712 πρὸς
642 622 705 710 τὴν
732 630 810 711 ΒΓ,
845 625 955 706 οὕτως
983 623 1020 693 τὸ
1048 631 1103 690 ΑΔ
1154 636 1156 641 “

70 732 453 820 σπαραλίηλόγραμμον
484 730 569 818 πρὸς
597 729 635 799 τὸ
664 739 731 798 ΒΕ
760 731 1106 819 παραλληλόγραμμον.

104 845 164 906 καί
183 841 253 907 ἐστι
274 836 313 905 τὸ
336 837 397 923 μὲν
421 847 453 905 Α
460 846 493 904 Δ
514 836 552 904 τὸ
576 834 642 905 ὑπὸ
667 842 735 906 τῶν
757 845 840 924 ΑΒ,
865 846 942 906 ΒΓ·
981 847 1033 924 ίση
1055 835 1108 923 γὰρ

106 942 123 1012 ὁ
148 950 215 1012 ΒΓ
233 948 273 1032 τῇ
297 950 378 1010 ΒΛ·
405 945 443 1012 τὸ
469 944 507 1012 δὲ
525 952 591 1011 ΒΕ
610 941 648 1012 τὸ
673 943 737 1010 ἀπὸ
760 948 821 1030 τῆς
839 951 916 1012 ΒΓ·
946 945 992 1023 ὡς
1016 939 1110 1032 ἄραὴ

106 1057 172 1116 ΑΒ
195 1046 278 1137 πρὸς
300 1048 363 1134 τὴν
385 1054 460 1135 ΒΓ,
485 1046 590 1130 οὕτως
612 1050 649 1117 τὸ
672 1047 739 1117 ὑπὸ
761 1060 831 1117 τῶν
856 1057 935 1135 ΑΒ,
955 1057 1025 1119 ΒΓ
1041 1048 1112 1137 πρὸς

105 1154 143 1223 τὸ
167 1153 232 1222 ἀπὸ
255 1158 313 1240 τῆς
336 1160 410 1222 ΒΓ·
440 1155 521 1243 ὅπερ
546 1159 613 1224 ἔδει
637 1157 751 1237 δεῖξαι.

436 1441 487 1506 Ad
501 1442 574 1506 libr.
588 1337 727 1526 ξρτορ.
742 1441 794 1507 32.

55 1565 88 1613 10
420 1548 562 1631 Λημμα
590 1548 647 1623 είς
673 1543 714 1611 τὸ
743 1543 812 1629 λβ’.

171 1665 249 1736 Ἐὰν
273 1659 335 1735 ὦσι
358 1682 446 1756 τρεῖς
469 1666 600 1736 εὐθεῖαι
625 1671 661 1737 ἐν
691 1667 778 1759 λόγῳ
806 1675 892 1756 τινί,
922 1675 1016 1738 ἔσται
1040 1666 1115 1753 ὡςὴ

107 1774 220 1862 πρώτη
244 1773 328 1863 πρὸς
345 1773 408 1861 τὴν
425 1782 552 1861 τρίτην,
577 1773 683 1856 οὕτως
700 1774 737 1843 τὸ
757 1774 823 1843 ὑπὸ
841 1781 902 1862 τῆς
921 1776 1055 1865 πρώτης
1071 1775 1113 1844 καί

108 1883 208 1969 μέσης
231 1879 314 1968 πρὸς
340 1879 378 1949 τὸ
402 1881 467 1949 ὑπὸ
492 1885 550 1968 τῆς
574 1883 675 1967 μέσης
697 1882 753 1948 καὶ
777 1884 963 1970 ἐλαχίστης.

166 1987 341 2056 Ἔστωσαν
363 2001 451 2072 τρεῖς
474 1984 605 2055 εὐθεῖαι
629 1989 666 2055 ἐν
689 1987 777 2078 λόγῳ
800 1989 867 2056 τινὶ
891 1992 930 2056 αἱ
953 1999 1031 2076 ΑΒ,
1054 1993 1115 2071 ΒΓ,

57 2115 89 2163 15
110 2100 182 2161 ΓΔ·
216 2096 313 2181 λέγω,
338 2093 389 2162 ὅτι
414 2094 504 2162 ἐστὶν
529 2092 574 2173 ὡς
596 2093 617 2180 ἡ
642 2101 707 2160 ΑΒ
730 2099 812 2183 πρὸς
834 2094 897 2181 τὴν
921 2102 995 2182 ΓΛ,
1022 2093 1116 2172 οὕτως

108 2199 145 2268 τὸ
165 2199 230 2269 ὑπὸ
255 2213 321 2269 τῶν
348 2209 421 2285 ΑΒ,
446 2207 512 2268 ΒΓ
532 2203 615 2287 πρὸς
637 2199 673 2266 τὸ
698 2198 763 2267 ὑπὸ
786 2204 854 2267 τῶν
880 2208 954 2287 ΒΓ,
981 2209 1052 2269 ΓΔ.

167 2305 286 2394 Ἤχθω
305 2306 368 2394 γὰρ
388 2305 453 2374 ἀπὸ
472 2310 534 2373 τοῦ
547 2313 580 2372 A
603 2312 741 2392 σημείου
764 2309 804 2392 τῇ
819 2313 885 2372 AB
909 2305 995 2394 πρὸς
1019 2304 1118 2396 ὀρθὰς

109 2410 129 2498 ἡ
154 2420 233 2499 ΑΕ,
261 2414 317 2480 καὶ
344 2420 469 2481 κείσθω
497 2423 537 2500 τῇ
566 2418 631 2479 ΒΓ
656 2421 710 2498 ίση
738 2409 759 2497 ἡ
784 2419 867 2497 ΑΕ,
895 2414 953 2479 καὶ
982 2412 1039 2479 διὰ
1067 2415 1119 2479 τοῦ

110 2527 141 2586 E
167 2524 306 2607 σημείου
333 2523 373 2608 τῇ
393 2528 464 2585 ΑΔ
491 2517 609 2608 εὐθείᾳ
635 2517 847 2604 παράλληλος
874 2516 972 2604 ἤχθω
1001 2517 1023 2602 ἡ
1048 2526 1119 2602 ΒΚ,

56 2648 91 2695 20
111 2625 166 2693 διὰ
192 2627 229 2693 δὲ
251 2631 319 2694 τῶν
343 2634 383 2711 Β,
402 2631 440 2709 Γ,
461 2633 494 2692 Δ
517 2630 664 2710 σημείων
686 2628 726 2710 τῇ
747 2632 778 2689 Α
785 2630 816 2690 Ε
836 2623 1048 2710 παράλληλοι
1071 2623 1120 2711 ἤχ-

111 2741 229 2800 θωσαν
258 2737 295 2800 αί
322 2740 398 2818 ΖΒ,
421 2737 497 2816 ΓΘ,
522 2736 599 2797 ΔΚ.
645 2731 702 2796 καί
731 2730 803 2796 ἐπεί
828 2731 918 2796 ἐστιν
949 2728 993 2809 ὡς
1018 2728 1038 2816 ἡ
1064 2737 1122 2796 ΑΒ

111 2836 193 2923 πρὸς
215 2837 278 2923 τὴν
301 2845 373 2923 ΒΓ,
398 2835 505 2916 οὕτως
527 2835 565 2904 τὸ
583 2844 616 2902 Α
622 2844 649 2902 Ζ
671 2834 1022 2922 παραλληλόγραμμον
1046 2837 1124 2923 πρὸς

111 2941 148 3009 τὸ
168 2950 231 3009 ΒΘ
249 2944 606 3031 παραλληλόγραμμον,
629 2939 673 3021 ὡς
693 2941 731 3008 δὲ
749 2939 769 3026 ἡ
789 2947 854 3007 ΒΓ
874 2940 959 3029 πρὸς
977 2944 1039 3029 την
1059 2950 1123 3027 ΓΛ,

112 3047 217 3127 οὕτως
240 3047 277 3115 τὸ
302 3056 365 3115 ΒΘ
393 3049 475 3136 πρὸς
497 3049 526 3116 τί
558 3055 639 3134 ΓΚ,
672 3046 716 3115 δι’
744 3057 820 3115 ίσου
848 3045 914 3135 ὀίρα
943 3046 989 3129 ὡς
1018 3049 1038 3136 ἡ
1065 3056 1124 3115 ΑΒ

57 3176 91 3224 25
111 3154 194 3241 πρὸς
217 3153 278 3240 τὴν
301 3160 374 3241 ΓΛ,
399 3153 506 3234 οὕτως
527 3153 564 3223 τὸ
584 3163 648 3222 ΑΖ
671 3153 1023 3242 παραλληλόγραμμον
1048 3160 1124 3243 πρὸς

185 3303 225 3351 12.
246 3297 314 3351 Post
332 3314 409 3367 prop.
429 3297 534 3350 XXXII
552 3316 578 3366 p.
599 3303 642 3364 96,
662 3303 677 3351 8
697 3296 730 3363 V,
750 3313 806 3364 mg.
825 3314 862 3349 m.
881 3313 936 3351 reo.
957 3298 989 3354 Β,

182 3448 206 3497 3,
225 3440 293 3497 Post
312 3445 364 3496 ΑΔ
383 3439 612 3494 ins.sm.1v.
673 3445 698 3494 4.
718 3439 909 3508 AA1AeraS.
925 3438 959 3492 V.
1023 3439 1122 3508 Ρί.τῆς]

101 3514 129 3572 1'11
150 3534 206 3573 ras.
230 3516 263 3575 V.
342 3513 415 3588 BF]
436 3517 460 3569 Γ
480 3529 496 3567 e
514 3528 587 3566 eon.
601 3510 642 3563 V.
711 3513 759 3558 Ὠ.
774 3505 807 3559 τὶ)
825 3505 1015 3573 ‘batismum
1029 3512 1065 3566 V.
