2378 3832
113 162 180 227 254
499 162 700 215 Σοοιεωιωω
718 158 745 215 ι’.

183 306 230 389 Ty}
250 299 316 389 ὅρα
330 309 362 369 Α
368 308 396 369 Β
416 307 474 388 μία
493 301 600 389 μόνον
614 300 837 390 προσαρμόζει
851 298 970 368 εύθεία
985 299 1129 387 δυνάμει

113 405 321 494 ἀσύμμετρος
350 399 436 476 οὖσα
462 412 502 495 τή
531 405 607 495 ὅλη,
635 410 716 494 μετὰ
739 407 776 474 δέ
798 410 858 494 τής
880 404 961 492 ὅλης
981 418 1128 476 ποιοῦσα

112 510 153 578 τό
176 537 211 579 τε
232 508 289 580 ἀπ’
310 511 424 582 αὐτῶν
445 512 636 601 τετράγωνα
653 511 723 600 ὅμα
741 514 846 600 μέσον
864 511 976 579 καὶτὸ
997 513 1052 592 δὶς
1069 510 1126 580 ὑπ’

113 615 224 687 αὐτῶν
248 617 351 705 μέσον
374 619 430 686 καὶ
453 623 500 686 ἔτι
523 615 563 686 τὰ
585 617 644 686 ἀπ’
671 617 784 687 αὐτῶν
807 619 999 706 τετράγωνα
1023 617 1126 705 ιἰσύμ-

81 749 96 798 5
116 749 217 812 μετρα
240 728 287 816 τῷ
311 724 362 804 θὶς
385 721 442 792 ὑπ’
468 721 593 792 αύτοῖν·
617 725 697 812 ὅπερ
721 729 789 792 ἔδει
812 726 926 805 δεῖξαι.

483 934 590 1022 Ὅροι
612 942 748 1021 τρίτοι.

179 1057 223 1124 α’.
253 1056 486 1144 Ὑποκειμένης
501 1060 602 1145 ῥητής
615 1060 671 1126 καὶ
685 1058 864 1146 ἀποτομῆς,
879 1057 938 1126 ἐὰν
954 1057 1016 1144 μὲν
1031 1055 1051 1144 ή
1064 1055 1121 1144 ὅλη

111 1166 170 1248 τής
183 1163 481 1251 προσαρμοζούσης
500 1170 612 1249 μεῖζον
627 1163 766 1249 δύνηται
785 1169 831 1256 τῷ
851 1161 916 1230 ιἰπὸ
936 1165 1126 1250 συμμέτρου

113 1270 213 1358 ἑαυτή
248 1269 359 1356 μήκει,
392 1269 447 1336 καὶ
479 1266 500 1355 ή
536 1267 597 1355 ὅλη
626 1262 860 1358 σύμμετροςή
888 1273 927 1357 τῇ
956 1267 1126 1357 ἐπιειμένη

60 1400 93 1449 10
112 1377 194 1462 ῥητή
218 1375 325 1462 μήκει,
347 1380 516 1443 καλείσθω
541 1373 716 1462 ἀποτομή
738 1377 877 1464 πρύτη.

179 1480 222 1565 β’.
254 1479 332 1548 Ἐόιν
352 1479 389 1548 δέ
412 1479 432 1567 ή
455 1481 734 1570 προσαρμόζουσα
756 1482 942 1570 σύμμετρος
968 1473 989 1569 ή
1013 1485 1053 1568 τῇ
1078 1483 1128 1549 εἰι·

111 1585 246 1675 κειμένη
275 1589 356 1676 ῥητή
386 1586 496 1674 μήκει,
528 1587 584 1654 καὶ
611 1585 632 1672 ή
661 1586 722 1674 ὅλη
749 1592 809 1674 τής
831 1585 1127 1675 προσαρμοζούσης

111 1698 223 1778 μεῖζον
246 1690 396 1779 δύνηται
418 1702 463 1783 τῷ
491 1690 556 1760 ιἰπὸ
585 1693 775 1779 συμμέτρου
809 1694 924 1781 ἑαυτή,
957 1697 1127 1760 καλείσθω
1159 1726 1162 1731 ·

111 1793 287 1885 ἀποτομή
313 1798 486 1887 δευτέρα.

59 1926 91 1975 ιο
176 1902 218 1988 γ’.
248 1903 328 1970 Ἐὰν
354 1901 391 1970 δέ
419 1903 583 1991 μηδετέρα
610 1904 797 1994 σύμμετρος
827 1896 849 1994 ή
880 1907 922 1993 τῇ
955 1904 1124 1993 έκκειμένη

110 2011 193 2096 ῥητή
218 2007 326 2094 μήκει,
349 2007 370 2094 ἡ
395 2006 432 2076 δὲ
456 2008 516 2095 ὅλη
540 2015 598 2096 τής
619 2009 917 2097 προσαρμοζούσης
937 2017 1050 2097 μεῖζον
1070 2011 1124 2078 ‹525-

110 2139 208 2199 νηται
229 2117 276 2203 τῷ
300 2111 365 2181 ἀπὸ
391 2119 581 2203 συμμέτρου
605 2118 722 2205 έαντή,
752 2121 922 2183 καλείσθω
945 2113 1122 2202 ἀποτομή

110 2223 228 2304 τρίτη.

178 2322 221 2390 θ’.
252 2323 376 2410 Πόλιν,
399 2324 458 2394 έόιν
482 2325 503 2413 ή
527 2325 588 2414 ὅλη
611 2332 670 2414 τής
692 2327 991 2416 προσαρμοζούσης
1013 2332 1124 2414 μεῖζον

57 2453 92 2503 οο
111 2427 252 2515 δύνηται
274 2433 320 2522 τῷ
345 2427 410 2498 ἀπὸ
438 2429 651 2520 ἀσυμμέτρου
678 2435 778 2521 ἑαυτῇ
801 2431 942 2520 [μήκει],
968 2432 1036 2502 ἐὰν
1063 2432 1123 2520 μέν

108 2533 129 2622 ή
150 2533 210 2622 ὅλη
231 2535 417 2625 σύμμετρος
435 2530 457 2626 ή
476 2542 515 2626 τή
535 2538 705 2628 έκκειμένη
726 2542 808 2627 ῥητή
829 2538 936 2627 μήκει,
954 2546 1123 2609 καλείσθω

110 2640 288 2730 ἀποτομή
310 2645 487 2732 τετύρτη.

177 2748 210 2816 ε’.
235 2747 314 2816 Ἐὰν
337 2749 375 2818 δέ
397 2747 725 2839 ἡπροσαρμόζονσα)
747 2753 905 2838 πέμπτη.

177 2852 213 2919 ς’.
243 2853 322 2920 Ἐὰν
346 2855 383 2922 δέ
406 2858 580 2945 μηδετέρα,
604 2858 701 2941 ἕκτη.

182 3061 288 3133 1μύνη
307 3064 341 3119 V.
413 3064 604 3137 προσαρμόσει
623 3067 711 3122 BFV.
784 3075 809 3123 3.
829 3065 882 3139 τύ]
906 3086 959 3124 om.
979 3069 1011 3138 b,
1039 3065 1071 3124 τό
1091 3069 1119 3123 P.

146 3132 322 3203 τετράγωνον
340 3137 372 3190 Ρ.
436 3135 507 3207 μέσα
527 3139 560 3193 V.
628 3144 654 3192 4.
673 3138 722 3193 καὶ
742 3136 795 3263 kz]
818 3137 858 3194 ἔτι
876 3158 906 3194 τε
926 3139 1040 3195 BFVb.
1095 3145 1120 3196 ὅ.

110 3204 170 3276 δίς]
190 3221 244 3260 om.
258 3207 285 3261 b.
358 3202 471 3280 αὐτῶν]
491 3224 559 3264 eras.
578 3208 610 3265 B.
683 3203 753 3278 ὅπερ
788 3212 832 3265 σει
851 3211 960 3281 δεῖξαι]
985 3227 1039 3266 om.
1059 3209 1121 3265 BV.

145 3281 170 3330 6.
189 3270 251 3346 ὅροι
270 3278 369 3349 τρίτοι]
388 3279 450 3344 Pv,
468 3297 525 3349 mg.
544 3298 580 3335 m.
600 3285 615 3333 2
634 3280 666 3347 Β,
686 3296 740 3336 om.
760 3281 795 3346 F;
813 3279 862 3335 κε’
882 3280 910 3348 b,
929 3299 985 3352 mg.
1005 3281 1119 3338 ΜΒ.

107 3363 238 3402 numeros
257 3363 311 3402 om.
330 3347 410 3404 codd.
484 3356 508 3404 7.
527 3346 558 3421 ἡ]
582 3367 637 3404 om.
657 3349 687 3404 B.
760 3356 785 3408 8.
805 3349 927 3406 δύναται
946 3372 976 3420 φ.
1033 3348 1120 3422 ἀσυμ

104 3417 213 3546 ὅτιὸ
231 3417 295 3546 By}
313 3420 370 3547 ⁸522
381 3435 449 3563 2³⁰¹*
482 3427 533 3546 ιέ·
545 3417 656 3564 ὅλέέὸ
659 3429 860 3560 ὅεὸὅιωέξ
871 3423 1013 3547 1)λοὅὸ
1015 3463 1021 3477 ’
1079 3428 1119 3546 ὅ·
