2378 3832
118 160 162 224 54
502 161 704 214 Στοωιιιιιιω
722 158 748 214 ι’.

118 308 199 385 ΗΕ,
222 308 287 369 ΕΖ
309 301 392 389 πρὸς
414 299 452 369 τὸ
477 297 543 370 άπὸ
567 305 626 388 τής
647 309 718 388 ΕΖ,
740 302 911 370 τουτέστιν
935 298 979 380 ὡς
1002 298 1039 369 τὸ
1060 308 1135 369 HA

92 427 95 431 ’
117 405 200 493 πρὸς
221 406 259 475 τὸ
285 414 368 493 ΖΔ,
397 405 502 488 οὕτως
525 406 546 494 ή
570 415 642 475 ΗΕ
662 408 746 496 πρὸς
768 411 830 496 τήν
854 416 929 476 ΕΖ·
962 405 1043 492 ὅπερ
1066 411 1136 475 ἔδει

119 515 233 594 δεῖξαι.

602 653 663 739 νβ’.

83 808 99 856 5
188 778 237 847 Τὸ
262 776 335 846 άπὸ
359 780 479 865 μέσης
501 776 603 865 παρά
627 777 751 865 ῥητήν
774 777 1138 872 παραβαλλόμενον

117 885 262 965 πλάτος
293 897 401 953 ποιεῖ
431 883 553 972 ῥητήν
580 884 645 951 καὶ
673 880 929 971 άσάμμετρον
956 888 1012 972 τῇ,
1042 882 1135 972 παρ’

117 989 165 1078 ἣν
188 990 437 1080 παράκειται,
460 990 582 1077 μήκει.

175 1096 284 1165 Ἔστω
308 1098 391 1183 με’σή
414 1096 476 1184 μὲν
499 1096 520 1183 ή
540 1106 586 1182 Α,
610 1095 691 1183 ῥητή
716 1095 753 1164 δὲ
776 1095 796 1183 ή
821 1102 897 1181 ΓΒ,
921 1097 976 1164 καὶ
998 1100 1044 1188 τῷ
1071 1093 1139 1164 άπὸ

118 1207 178 1288 τής
196 1212 228 1269 Α
249 1210 325 1270 ἴσον
342 1201 431 1288 παρά
450 1200 513 1288 τήν
531 1208 598 1269 ΒΓ
612 1199 878 1289 παραβεβλήσθω
893 1205 1018 1289 χωρίον
1034 1199 1140 1286 ὀρθο·

69 1337 101 1385 10
120 1306 246 1394 γάνιον
264 1307 301 1375 τὸ
321 1315 390 1375 BA
404 1308 527 1388 πλάτος
544 1312 668 1375 ποιοῦν
690 1307 752 1395 τήν
772 1313 851 1374 ΓΛ·
875 1309 971 1403 λέγω,
987 1308 1037 1376 ὅτι
1052 1309 1139 1395 ῥητή

120 1417 210 1482 ἐστιν
234 1412 254 1500 ή
278 1418 343 1481 ΓΛ
366 1414 421 1480 καὶ
445 1413 654 1501 ἀσύμμετρος
676 1417 716 1502 τῇ
740 1420 801 1481 ΓΒ
824 1414 928 1501 μήκει.

184 1519 271 1587 Ἐπεὶ
299 1518 364 1606 γάρ
388 1521 471 1606 μέση
496 1520 585 1587 ἐστὶν
608 1517 629 1606 ή
655 1529 701 1606 Α,
736 1519 876 1587 δύναται
900 1525 1025 1608 χωρίον
1047 1543 1140 1607 περι-

120 1625 281 1714 εχόμενον
325 1623 390 1693 ὑπὸ
433 1627 544 1713 ῥητῶν
587 1624 728 1713 δυνάμει
774 1625 881 1712 μόνον
932 1629 1140 1714 συμμέτρων.

121 1732 284 1802 δυνάσθω
308 1730 346 1799 τὸ
369 1739 446 1799 ΗΖ.
493 1730 635 1800 δύναται
660 1732 698 1800 δὲ
720 1732 776 1799 καὶ
799 1731 836 1800 τὸ
860 1740 943 1800 BA·
976 1739 1052 1800 ἴσον
1073 1731 1141 1820 άρα

71 1865 102 1912 15
122 1840 190 1906 ἐστὶ
217 1836 254 1907 τὸ
283 1846 351 1906 BA
379 1842 424 1929 τῷ
448 1843 524 1906 ΗΖ.
580 1845 648 1906 ἔστι
680 1838 717 1907 δὲ
745 1837 834 1932 αὐτῷ
862 1839 917 1905 καὶ
942 1837 1141 1925 ίσογάνιον·

120 1949 188 2013 των
222 1944 260 2012 δὲ
292 1953 376 2012 λ’σων
408 1969 443 2012 τε
475 1944 531 2011 καὶ
564 1948 753 2031 ἰσογωνίων
781 1944 1142 2033 παραλληλογράμμων

122 2050 410 2118 ἀντιπεπόνθασιν
440 2053 477 2116 αά
502 2051 642 2137 πλευραὶ
666 2052 799 2136 αἱπερὶ
821 2050 880 2131 τάς
904 2059 977 2129 ἴσας
999 2058 1141 2137 γωνίας·

122 2153 291 2241 άνάλογον
319 2154 385 2243 άρα
414 2155 504 2223 ἐστὶν
527 2154 572 2235 ὡς
595 2155 615 2242 ή
640 2161 706 2222 ΒΓ
728 2155 812 2244 πρὸς
835 2156 896 2242 τήν
919 2163 1003 2241 ΕΗ,
1032 2153 1143 2236 οὕτως

121 2258 142 2347 ή
167 2268 230 2327 ΕΖ
257 2260 339 2349 πρὸς
366 2260 429 2348 τήν
457 2266 531 2328 ΓΔ.
565 2267 655 2329 ἔστιν
683 2263 749 2349 άρα
775 2263 831 2330 καὶ
859 2261 903 2342 ὡς
930 2261 968 2349 τὸ
991 2261 1055 2330 άπὸ
1081 2266 1143 2348 τής

70 2393 104 2442 20
123 2374 189 2435 ΒΓ
202 2367 285 2456 πρὸς
305 2366 342 2435 τὸ
363 2364 428 2434 άπὸ
446 2377 505 2452 τῆς
523 2374 607 2452 ΕΗ,
632 2366 738 2447 οὕτως
755 2367 792 2436 τὸ
811 2367 877 2437 άπὸ
896 2371 955 2455 τής
974 2375 1037 2434 ΕΖ
1055 2367 1143 2457 πρὸς

121 2473 159 2544 τὸ
187 2471 253 2542 άπὸ
280 2477 338 2560 τής
366 2479 441 2540 ΓΔ.
476 2472 665 2562 σύμμετρον
693 2476 733 2542 δέ
754 2477 823 2542 ἐστι
844 2473 882 2543 τὸ
906 2472 972 2542 άπὸ
995 2479 1053 2560 τής
1077 2480 1141 2542 ΓΒ

121 2584 166 2672 τῷ
183 2577 248 2648 άπὸ
271 2584 329 2666 τῆς
344 2583 426 2646 ΕΗ·
450 2576 532 2666 ῥητή
555 2579 618 2667 γάρ
643 2583 732 2648 ἐστιν
752 2582 888 2670 ἑκατέρα
912 2579 1037 2649 αὐτῶν·
1056 2572 1142 2668 σύμ-

122 2712 244 2773 μετρον
267 2685 333 2771 άρα
356 2686 426 2754 ἐστὶ
449 2686 505 2752 καὶ
527 2684 564 2754 τὸ
588 2685 653 2753 άπὸ
676 2690 734 2773 τής
754 2695 816 2754 ΕΖ
838 2691 884 2779 τῷ
904 2685 969 2755 άπὸ
987 2690 1044 2774 τής
1065 2693 1143 2756 ΓΔ.

124 2792 227 2879 ῥητὸν
255 2794 295 2861 δέ
320 2796 389 2861 ἐστι
416 2791 454 2861 τὸ
483 2790 549 2860 άπὸ
576 2797 634 2879 τής
658 2800 733 2860 ΕΖ·
771 2792 872 2880 ῥητὸν
900 2791 967 2881 άρα
991 2793 1060 2861 ἐστὶ
1085 2795 1142 2861 καὶ

70 2923 105 2972 25
123 2895 161 2966 τὸ
194 2895 259 2965 άπὸ
286 2903 344 2984 τής
373 2904 451 2965 ΓΛ·
489 2898 571 2986 ῥητή
601 2897 666 2987 άρα
695 2900 785 2967 ἐστὶν
812 2899 833 2986 ή
861 2905 936 2969 ΓΔ.
985 2900 1040 2967 καὶ
1070 2901 1143 2967 ἐπεὶ

123 3001 332 3091 ἀσύμμετρός
361 3007 450 3073 ἐστιν
478 3002 499 3092 ή
528 3013 589 3073 ΕΖ
612 3009 652 3094 τή
676 3012 751 3073 ΕΗ
769 3004 879 3092 μήκει·
907 3007 1052 3092 δυνάμει
1075 3002 1141 3093 γάρ

123 3109 231 3245 μόνον
261 3111 326 3178 εἰσὶ
354 3111 549 3199 σύμμετροι·
578 3109 624 3191 ὡς
652 3111 689 3179 δὲ
715 3111 736 3198 ή
765 3120 827 3179 ΕΖ
856 3110 938 3200 πρὸς
965 3109 1026 3198 τήν
1055 3118 1141 3197 ΕΗ,

194 3294 219 3343 2.
239 3292 292 3344 ΖΔ
324 3305 393 3346 corr.
409 3290 561 3357 exAZV,
581 3293 633 3342 ΔΖ
651 3288 734 3343 BFb.
786 3289 884 3360 HE]'
875 3306 972 3344 mras.
983 3288 1018 3344 V.
1069 3284 1140 3358 ὅπερ

124 3355 184 3415 ἔδει
203 3289 309 3431 δεῖξαά]
329 3376 420 3429 comp
439 3361 470 3428 P,
490 3378 544 3415 om
564 3358 662 3414 Theon
681 3359 817 3430 (BFVb).
891 3367 915 3415 6.
936 3309 1140 3430 σάμμετρονΡ.

124 3446 192 3486 oorr.
211 3437 292 3486 αλλ.
328 3430 487 3556 ytqffloorr.
506 3446 641 3484 exam.
657 3432 757 3486 rchb
813 3437 837 3486 8
858 3433 957 3485 αα
926 3436 1004 3484 9
1023 3429 1138 3501 χωρον]

112 3499 146 3551 ιὶι
161 3517 218 3556 m.
238 3499 268 3556 ff.
328 3497 568 3574 9ρθογάνιον]
586 3517 623 3554 m.
642 3517 698 3556 rec.
717 3501 751 3558 V
807 3507 849 3557 13
868 3498 998 3572 μόνον]
990 3518 1020 3555 1n
1038 3518 1093 3557 ras.
1108 3500 1139 3554 F
