2378 3832
108 149 172 214 168
493 150 694 202 ΣΤουιΕιαΝ
713 148 742 206 ι’.

106 294 152 383 τῷ
172 289 236 358 άπο
255 294 314 377 τῆς
331 293 401 367 ΝΞ
423 289 520 375 [ὥστε
539 289 682 377 δυνάμει
701 291 765 358 είσὶ
785 289 967 379 σύμμετροι
985 295 1023 360 αί
1032 300 1126 381 MN,

106 399 199 481 ΝΞἹ.
235 397 290 464 καὶ
313 397 383 464 ἐπεὶ
406 393 615 484 ἀσύμμετρός
634 398 725 465 ἐστιν
744 392 765 484 ἡ
786 406 818 465 Α
825 404 856 465 Ε
872 401 913 486 τῇ
931 404 1000 466 ΕΔ
1019 398 1127 486 μήκει,

107 500 176 571 ἀλλ’
202 500 222 590 ἡ
246 502 308 590 μὲν
331 509 400 570 ΑΕ
421 501 607 590 σύμμετρός
630 504 699 571 έστι
722 513 763 591 τῇ
786 510 869 589 ΑΗ,
892 501 914 591 ἡ
937 503 976 572 δέ
993 511 1065 572 ΕΔ
1086 516 1128 594 τῇ

108 618 171 678 ΕΖ
194 609 396 697 σύμμετρος,
420 606 629 696 άσάμμετρος
649 610 715 697 άρα
738 606 759 696 ἡ
783 616 855 677 ΑΗ
873 613 913 698 τῇ
934 617 1014 677 ΕΖ·
1043 608 1126 680 ὥστε

73 716 162 789 ικαὶ
180 715 218 784 τὸ
238 725 270 783 Α
275 723 304 783 Θ
320 717 365 806 τῷ
384 722 450 782 ΕΛ
469 712 682 803 άσύμμετρόν
707 716 808 802 έστιν,
831 717 982 785 τουτέστι
1000 715 1040 785 τδ
1056 723 1130 784 ΣΝ

108 827 153 915 τῷ
179 830 263 908 ΜΡ,
291 822 462 889 τουτέστιν
490 819 511 906 ἡ
537 827 608 888 ON
626 825 666 910 τῇ
690 828 772 909 ΝΡ,
803 823 976 890 τουτέστιν
1002 819 1026 908 ἡ
1048 827 1126 891 MN

106 933 146 1018 τῇ
160 931 230 1006 ΝΞ
241 924 449 1014 ἀσύμμετρός
472 928 541 994 έστι
563 926 668 1014 μήκει.
703 930 912 1016 ἐδείχθησαν
931 927 971 996 δὲ
990 930 1029 995 αί
1037 932 1122 1012 ΜΝ,

107 1038 178 1111 ΝΞ
193 1035 248 1101 καὶ
268 1035 365 1120 μέσαι
389 1025 488 1102 οὖσαι
511 1034 566 1101 καὶ
589 1033 732 1120 δυνάμει
756 1036 952 1123 σύμμετροι·
984 1036 1024 1101 αί
1040 1039 1127 1122 ΜΝ,

109 1142 178 1215 ΝΞ
199 1137 266 1226 άρα
288 1141 385 1226 μέσαι
409 1139 473 1206 είσὶ
499 1138 641 1226 δυνάμει
668 1139 776 1227 μόνον
805 1142 994 1228 σύμμετροι.
1044 1139 1127 1225 λέγω

58 1269 92 1319 10
112 1243 170 1331 δή,
200 1242 249 1312 ὅτι
277 1244 332 1311 καὶ
357 1242 459 1330 ῥητὸν
478 1246 698 1332 περιέχουσιν.
735 1245 804 1313 ἐπεὶ
823 1243 886 1332 γάρ
910 1242 931 1331 ἡ
957 1252 1029 1312 ΔΕ
1049 1243 1129 1313 ὑπό·

110 1377 215 1418 κειται
247 1351 384 1438 ἑκατέρα
410 1353 479 1417 τῶν
507 1356 584 1432 AB,
613 1357 676 1417 EZ
704 1349 905 1438 σύμμετρος,
938 1350 1129 1440 σύμμετρος

109 1454 175 1543 άρα
198 1457 253 1524 καὶ
277 1453 298 1542 ἡ
318 1462 381 1522 ΕΖ
403 1458 442 1543 τῇ
462 1462 538 1522 ΕΚ.
573 1455 630 1522 καὶ
653 1456 736 1542 ῥητὴ
761 1456 896 1540 ἑκατέρα
920 1452 1049 1524 αὐτῶν·
1072 1459 1125 1545 δη-

110 1561 170 1630 τδν
194 1560 260 1649 άρα
282 1559 319 1630 τὸ
345 1568 422 1645 ΕΛ,
445 1562 594 1628 τουτέστι
616 1558 654 1629 τὸ
675 1568 762 1628 ΜΡ·
785 1561 824 1630 τὸ
849 1560 887 1629 δὲ
905 1568 979 1628 ΜΡ
1000 1564 1073 1630 έστι
1090 1560 1128 1631 τὸ

109 1666 176 1736 ὑπὸ
204 1672 272 1737 τῶν
301 1669 421 1742 ΜΝΞ.
467 1664 525 1734 ἐάν
554 1666 592 1735 δέ
620 1668 683 1734 δύο
716 1669 813 1754 μέσαι
843 1668 985 1753 δυνάμει
1020 1667 1132 1755 μόνον

59 1800 91 1848 15
112 1773 293 1862 σύμμετροι
308 1776 498 1842 συντεθῶσι
518 1770 621 1859 ῥητὸν
640 1775 862 1861 περιέχουσαι,
885 1771 906 1860 ἡ
928 1771 989 1860 ὅλη
1004 1772 1133 1861 άλογός

111 1882 213 1966 έστιν,
236 1887 382 1948 καλεῖται
406 1879 444 1948 δέ
467 1881 502 1947 έκ
526 1880 589 1947 δύο
613 1880 724 1967 μέσων
747 1878 869 1967 πρώτη.

173 1984 219 2053 Ἡ
238 1985 304 2074 άρα
326 1988 400 2063 ΜΞ
421 1988 457 2053 έιι
481 1985 543 2053 δύο
567 1985 678 2072 μέσων
702 1984 921 2075 έστὶρπρωτη·
954 1983 1038 2075 ὅπερ
1063 1991 1131 2056 ἔδει

110 2095 223 2172 δεῖξαι.

590 2197 649 2268 νς’.

56 2347 92 2396 20
178 2318 265 2388 Ἐάν
292 2325 439 2407 χωρίον
467 2321 694 2408 περιέχηται
721 2318 796 2389 ὑπὸ
825 2323 944 2409 ῥητῆς
971 2324 1037 2390 καί
1065 2327 1134 2410 τῆς

112 2429 152 2496 έιι
182 2426 253 2495 δύο
288 2424 497 2512 ὀνομάτων
530 2432 683 2514 τρίτης,
715 2425 735 2512 ἡ
763 2427 805 2495 τὸ
833 2435 978 2516 χωρίον
1011 2432 1132 2496 δυνα-

111 2536 207 2622 μένη
236 2532 380 2619 άλοχάς
408 2529 559 2618 ἐστινὴ
585 2535 811 2619 καλουμένη
835 2536 874 2601 έκ
903 2534 976 2602 δύο
1000 2535 1132 2620 μέσων

113 2643 287 2726 δευτέρα.

182 2750 316 2833 Χωρίον
338 2741 460 2833 γάρτὸ
479 2751 619 2812 ΑΒΓΔ
635 2746 839 2831 περιεχέσθω
863 2743 929 2813 ὑπὸ
954 2747 1056 2832 ῥητῆς
1072 2751 1132 2834 τῆς

62 2877 97 2928 25
117 2858 181 2919 AB
204 2851 260 2919 καὶ
282 2855 342 2937 τῆς
364 2853 399 2919 έκ
423 2850 486 2917 δύο
510 2848 686 2936 ὀνομάτων
708 2856 820 2939 τρίτης
841 2855 900 2937 τῆς
921 2859 993 2919 ΑΔ
1015 2856 1132 2941 διῃρη-

112 2959 214 3044 μένης
237 2961 284 3037 είς
310 2957 349 3025 τά
375 2953 523 3043 ὀνόματα
542 2955 625 3023 κατὰ
647 2958 685 3024 τὸ
707 2964 752 3043 Ε,
776 2949 964 3046 άνζίμείζόν
991 2960 1061 3026 έστι
1092 2958 1131 3026 τὸ

125 3200 135 3225 ,
190 3140 213 3189 1.
234 3126 304 3189 ὥστε
324 3165 357 3175 -
377 3141 402 3190 2.
421 3133 499 3203 ΝΞ]
519 3151 572 3189 om.
591 3131 621 3187 P.
691 3128 759 3188 άιτε
780 3136 831 3189 καί
847 3134 877 3202 F,
897 3133 946 3190 sed
964 3151 1035 3190 corr.
1104 3141 1129 3190 3.

114 3200 187 3260 αίίά
204 3202 239 3259 V.
312 3210 338 3261 4.
358 3203 535 3292 οάμμετροςχ
554 3220 607 3291 οπο.
627 3203 711 3257 FVb.
790 3198 983 3276 άοάμμετρος]
1007 3223 1077 3261 corr.
1097 3222 1131 3260 ex

115 3276 273 3349 σύμμετρος
290 3293 327 3332 m.
347 3282 362 3331 2
381 3277 412 3332 F.
474 3279 498 3329 δ.
516 3292 693 3343 ασυμμετρος
711 3274 742 3344 F,
761 3290 830 3330 corr.
850 3294 885 3331 m.
906 3282 930 3332 2.
991 3273 1050 3331 έστι
1068 3268 1130 3345 BV,

115 3346 281 3475 ινα·
327 3346 510 3473 τινα·
530 3348 645 3472 αα
661 3346 690 3399 Β·
725 3347 923 3472 ..οων
941 3348 1050 3489 οι.

105 3436 249 3545 „f‘ssffi‘
313 3437 481 3547 ofelolv'ss.
511 3437 589 3544 μ10.
611 3455 862 3559 ΔδῖχὶοεειεΝ.ι
917 3437 958 3541 δέ.
978 3435 1128 3559 ΑρΒῙοοοξῖ
