<?xml version="1.0" encoding="UTF-8"?>
<!DOCTYPE html PUBLIC "-//W3C//DTD XHTML 1.0 Transitional//EN"
    "http://www.w3.org/TR/xhtml1/DTD/xhtml1-transitional.dtd">
<html xmlns="http://www.w3.org/1999/xhtml" xml:lang="en" lang="en">
 <head>
  <title>
</title>
<meta http-equiv="Content-Type" content="text/html;charset=utf-8" />
  <meta name='ocr-system' content='tesseract 3.04.00' />
  <meta name='ocr-capabilities' content='ocr_page ocr_carea ocr_par ocr_line ocrx_word'/>
</head>
<body>
  <div class='ocr_page' id='page_1' title='image "./euclidisoperaom11unkngoog_0082.png"; bbox 0 0 2378 3832; ppageno 0'>
   <div class='ocr_carea' id='block_1_1' title="bbox 375 150 1106 245">
    <p class='ocr_par' dir='ltr' id='par_1_1' title="bbox 375 150 1106 245">
     <span class='ocr_line' id='line_1_1' title="bbox 375 150 1106 245; baseline -0.004 -41"><span class='ocrx_word' id='word_1_1' title='bbox 375 152 650 245; x_wconf 64' lang='lat' dir='ltr'>muuau&#39;rossum</span> <span class='ocrx_word' id='word_1_2' title='bbox 667 153 776 202; x_wconf 83' lang='lat' dir='ltr'>LIBER</span> <span class='ocrx_word' id='word_1_3' title='bbox 795 153 827 205; x_wconf 86' lang='lat' dir='ltr'>X.</span> <span class='ocrx_word' id='word_1_4' title='bbox 1066 150 1106 214; x_wconf 73' lang='lat'><em>&#39;¹1¹1</em></span> 
     </span>
    </p>
   </div>
   <div class='ocr_carea' id='block_1_2' title="bbox 540 293 661 360">
    <p class='ocr_par' dir='ltr' id='par_1_2' title="bbox 540 293 661 360">
     <span class='ocr_line' id='line_1_2' title="bbox 540 293 661 360; baseline 0 -1"><span class='ocrx_word' id='word_1_5' title='bbox 540 293 661 360; x_wconf 89' lang='lat' dir='ltr'>XXIV.</span> 
     </span>
    </p>
   </div>
   <div class='ocr_carea' id='block_1_3' title="bbox 82 417 1107 1882">
    <p class='ocr_par' dir='ltr' id='par_1_3' title="bbox 82 417 1106 696">
     <span class='ocr_line' id='line_1_3' title="bbox 156 417 1105 505; baseline 0.001 -23"><span class='ocrx_word' id='word_1_6' title='bbox 156 417 399 505; x_wconf 82' lang='lat' dir='ltr'>Rectangulum</span> <span class='ocrx_word' id='word_1_7' title='bbox 413 419 509 484; x_wconf 90' lang='lat' dir='ltr'>rectis</span> <span class='ocrx_word' id='word_1_8' title='bbox 524 418 638 483; x_wconf 89' lang='lat' dir='ltr'>mediis</span> <span class='ocrx_word' id='word_1_9' title='bbox 649 418 917 503; x_wconf 89' lang='lat' dir='ltr'>comprehensum</span> <span class='ocrx_word' id='word_1_10' title='bbox 928 419 1105 485; x_wconf 85' lang='lat' dir='ltr'>secundum</span> 
     </span>
     <span class='ocr_line' id='line_1_4' title="bbox 82 525 1106 610; baseline 0 -21"><span class='ocrx_word' id='word_1_11' title='bbox 82 525 234 610; x_wconf 79' lang='lat' dir='ltr'>aliquem</span> <span class='ocrx_word' id='word_1_12' title='bbox 253 525 433 608; x_wconf 89' lang='lat' dir='ltr'>modorum,</span> <span class='ocrx_word' id='word_1_13' title='bbox 452 547 532 610; x_wconf 90' lang='lat' dir='ltr'>quos</span> <span class='ocrx_word' id='word_1_14' title='bbox 552 525 690 589; x_wconf 86' lang='lat' dir='ltr'>diximus</span> <span class='ocrx_word' id='word_1_15' title='bbox 716 527 759 605; x_wconf 87' lang='lat' dir='ltr'>[u.</span> <span class='ocrx_word' id='word_1_16' title='bbox 777 525 922 609; x_wconf 85' lang='lat' dir='ltr'>lemma],</span> <span class='ocrx_word' id='word_1_17' title='bbox 945 547 1106 590; x_wconf 88' lang='lat' dir='ltr'>commen·</span> 
     </span>
     <span class='ocr_line' id='line_1_5' title="bbox 84 629 670 696; baseline -0.003 0"><span class='ocrx_word' id='word_1_18' title='bbox 84 631 293 696; x_wconf 87' lang='lat' dir='ltr'>surabilibus</span> <span class='ocrx_word' id='word_1_19' title='bbox 318 630 459 696; x_wconf 88' lang='lat' dir='ltr'>medium</span> <span class='ocrx_word' id='word_1_20' title='bbox 483 633 542 696; x_wconf 87' lang='lat' dir='ltr'>cst.</span> <span class='ocrx_word' id='word_1_21' title='bbox 666 629 670 637; x_wconf 83' lang='lat'>&#39;</span> 
     </span>
    </p>

    <p class='ocr_par' dir='ltr' id='par_1_4' title="bbox 83 736 1106 1015">
     <span class='ocr_line' id='line_1_6' title="bbox 158 736 1106 823; baseline 0 -23"><span class='ocrx_word' id='word_1_22' title='bbox 158 736 278 802; x_wconf 88' lang='lat' dir='ltr'>Mediis</span> <span class='ocrx_word' id='word_1_23' title='bbox 297 737 384 802; x_wconf 89' lang='lat' dir='ltr'>enim</span> <span class='ocrx_word' id='word_1_24' title='bbox 403 742 478 823; x_wconf 84' lang='lat' dir='ltr'>AB,</span> <span class='ocrx_word' id='word_1_25' title='bbox 497 739 564 801; x_wconf 88' lang='grc' dir='ltr'>ΒΓ</span> <span class='ocrx_word' id='word_1_26' title='bbox 583 736 785 821; x_wconf 81' lang='lat' dir='ltr'>longitudine</span> <span class='ocrx_word' id='word_1_27' title='bbox 808 737 1106 802; x_wconf 88' lang='lat' dir='ltr'>commensurabili-</span> 
     </span>
     <span class='ocr_line' id='line_1_7' title="bbox 84 842 1105 928; baseline -0.001 -20"><span class='ocrx_word' id='word_1_28' title='bbox 84 845 152 908; x_wconf 86' lang='lat' dir='ltr'>bus</span> <span class='ocrx_word' id='word_1_29' title='bbox 179 843 470 928; x_wconf 78' lang='lat' dir='ltr'>comprehendatur</span> <span class='ocrx_word' id='word_1_30' title='bbox 492 844 716 928; x_wconf 83' lang='lat' dir='ltr'>rectangulum</span> <span class='ocrx_word' id='word_1_31' title='bbox 741 845 813 908; x_wconf 92' lang='grc' dir='ltr'>ΑΓ.</span> <span class='ocrx_word' id='word_1_32' title='bbox 848 842 931 925; x_wconf 84' lang='lat' dir='ltr'>dico,</span> <span class='ocrx_word' id='word_1_33' title='bbox 954 846 1022 907; x_wconf 91' lang='grc' dir='ltr'>ΑΓ</span> <span class='ocrx_word' id='word_1_34' title='bbox 1041 865 1105 907; x_wconf 89' lang='lat' dir='ltr'>me·</span> 
     </span>
     <span class='ocr_line' id='line_1_8' title="bbox 83 950 284 1015; baseline 0 -1"><span class='ocrx_word' id='word_1_35' title='bbox 83 950 182 1015; x_wconf 89' lang='lat' dir='ltr'>dium</span> <span class='ocrx_word' id='word_1_36' title='bbox 206 970 284 1014; x_wconf 90' lang='lat' dir='ltr'>esse.</span> 
     </span>
    </p>

    <p class='ocr_par' dir='ltr' id='par_1_5' title="bbox 85 1055 1106 1246">
     <span class='ocr_line' id='line_1_9' title="bbox 158 1055 1106 1140; baseline 0.002 -22"><span class='ocrx_word' id='word_1_37' title='bbox 158 1077 237 1119; x_wconf 91' lang='lat' dir='ltr'>nam</span> <span class='ocrx_word' id='word_1_38' title='bbox 268 1055 303 1119; x_wconf 90' lang='lat' dir='ltr'>in</span> <span class='ocrx_word' id='word_1_39' title='bbox 331 1059 396 1120; x_wconf 89' lang='lat' dir='ltr'>AB</span> <span class='ocrx_word' id='word_1_40' title='bbox 426 1055 619 1140; x_wconf 88' lang='lat' dir='ltr'>quadratum</span> <span class='ocrx_word' id='word_1_41' title='bbox 653 1055 853 1120; x_wconf 79' lang='lat' dir='ltr'><strong>describatur</strong></span> <span class='ocrx_word' id='word_1_42' title='bbox 881 1059 913 1118; x_wconf 89' lang='lat' dir='ltr'><em>A</em></span> <span class='ocrx_word' id='word_1_43' title='bbox 919 1061 960 1120; x_wconf 88' lang='grc' dir='ltr'>Λ.</span> <span class='ocrx_word' id='word_1_44' title='bbox 996 1056 1106 1139; x_wconf 89' lang='lat' dir='ltr'>itaque</span> 
     </span>
     <span class='ocr_line' id='line_1_10' title="bbox 85 1160 1106 1246; baseline -0.001 -20"><span class='ocrx_word' id='word_1_45' title='bbox 85 1167 164 1226; x_wconf 88' lang='grc' dir='ltr'>ΛΔ</span> <span class='ocrx_word' id='word_1_46' title='bbox 192 1160 333 1226; x_wconf 90' lang='lat' dir='ltr'>medium</span> <span class='ocrx_word' id='word_1_47' title='bbox 362 1166 419 1226; x_wconf 89' lang='lat' dir='ltr'>est.</span> <span class='ocrx_word' id='word_1_48' title='bbox 465 1166 498 1226; x_wconf 89' lang='lat' dir='ltr'>et</span> <span class='ocrx_word' id='word_1_49' title='bbox 526 1162 679 1246; x_wconf 86' lang='lat' dir='ltr'>quoniam</span> <span class='ocrx_word' id='word_1_50' title='bbox 708 1164 787 1243; x_wconf 89' lang='grc' dir='ltr'>ΑΒ,</span> <span class='ocrx_word' id='word_1_51' title='bbox 813 1163 880 1225; x_wconf 91' lang='grc' dir='ltr'>ΒΓ</span> <span class='ocrx_word' id='word_1_52' title='bbox 902 1161 1106 1246; x_wconf 74' lang='lat' dir='ltr'>longitudine</span> 
     </span>
    </p>

    <p class='ocr_par' dir='ltr' id='par_1_6' title="bbox 114 1269 1107 1563">
     <span class='ocr_line' id='line_1_11' title="bbox 114 1269 1107 1362; baseline 0 -30"><span class='ocrx_word' id='word_1_53' title='bbox 114 1286 238 1362; x_wconf 55' lang='lat' dir='ltr'>-r</span> <span class='ocrx_word' id='word_1_54' title='bbox 280 1269 587 1334; x_wconf 83' lang='lat' dir='ltr'>commensurabiles</span> <span class='ocrx_word' id='word_1_55' title='bbox 611 1271 695 1350; x_wconf 89' lang='lat' dir='ltr'>sunt,</span> <span class='ocrx_word' id='word_1_56' title='bbox 720 1273 752 1332; x_wconf 90' lang='lat' dir='ltr'>et</span> <span class='ocrx_word' id='word_1_57' title='bbox 775 1271 981 1351; x_wconf 83' lang='grc' dir='ltr'>ΑΒ--ΒΛ,</span> <span class='ocrx_word' id='word_1_58' title='bbox 1005 1269 1107 1332; x_wconf 91' lang='lat' dir='ltr'>etiam</span> 
     </span>
     <span class='ocr_line' id='line_1_12' title="bbox 281 1373 1107 1459; baseline 0.002 -22"><span class='ocrx_word' id='word_1_59' title='bbox 281 1377 359 1456; x_wconf 86' lang='grc' dir='ltr'>ΔΒ,</span> <span class='ocrx_word' id='word_1_60' title='bbox 378 1377 445 1438; x_wconf 88' lang='grc' dir='ltr'>ΒΓ</span> <span class='ocrx_word' id='word_1_61' title='bbox 462 1373 665 1459; x_wconf 81' lang='lat' dir='ltr'>longitudine</span> <span class='ocrx_word' id='word_1_62' title='bbox 689 1374 996 1438; x_wconf 80' lang='lat' dir='ltr'>commensurabiles</span> <span class='ocrx_word' id='word_1_63' title='bbox 1021 1378 1107 1440; x_wconf 87' lang='lat' dir='ltr'>sunt.</span> 
     </span>
     <span class='ocr_line' id='line_1_13' title="bbox 281 1481 1107 1563; baseline 0.004 -20"><span class='ocrx_word' id='word_1_64' title='bbox 281 1501 379 1563; x_wconf 87' lang='lat' dir='ltr'>quare</span> <span class='ocrx_word' id='word_1_65' title='bbox 398 1481 498 1543; x_wconf 87' lang='lat' dir='ltr'>etiam</span> <span class='ocrx_word' id='word_1_66' title='bbox 521 1483 599 1559; x_wconf 84' lang='grc' dir='ltr'>ΛΑ,</span> <span class='ocrx_word' id='word_1_67' title='bbox 619 1482 689 1544; x_wconf 89' lang='grc' dir='ltr'>ΑΓ</span> <span class='ocrx_word' id='word_1_68' title='bbox 707 1481 1013 1546; x_wconf 83' lang='lat' dir='ltr'>commensurabilia</span> <span class='ocrx_word' id='word_1_69' title='bbox 1032 1485 1107 1546; x_wconf 91' lang='lat' dir='ltr'>sunt</span> 
     </span>
    </p>

    <p class='ocr_par' dir='ltr' id='par_1_7' title="bbox 83 1585 1107 1882">
     <span class='ocr_line' id='line_1_14' title="bbox 83 1585 1106 1670; baseline -0.003 -15"><span class='ocrx_word' id='word_1_70' title='bbox 83 1606 249 1655; x_wconf 79' lang='lat' dir='ltr'><em>A-——B</em></span> <span class='ocrx_word' id='word_1_71' title='bbox 281 1585 357 1666; x_wconf 89' lang='lat' dir='ltr'>[VI,</span> <span class='ocrx_word' id='word_1_72' title='bbox 382 1586 416 1670; x_wconf 81' lang='lat'>13</span> <span class='ocrx_word' id='word_1_73' title='bbox 440 1607 529 1669; x_wconf 90' lang='lat' dir='ltr'>prop.</span> <span class='ocrx_word' id='word_1_74' title='bbox 548 1585 619 1665; x_wconf 89' lang='lat' dir='ltr'>XI].</span> <span class='ocrx_word' id='word_1_75' title='bbox 652 1607 764 1649; x_wconf 84' lang='lat' dir='ltr'>uerum</span> <span class='ocrx_word' id='word_1_76' title='bbox 790 1591 859 1649; x_wconf 88' lang='grc' dir='ltr'>ΛΑ</span> <span class='ocrx_word' id='word_1_77' title='bbox 882 1586 1023 1651; x_wconf 89' lang='lat' dir='ltr'>medium</span> <span class='ocrx_word' id='word_1_78' title='bbox 1048 1592 1106 1652; x_wconf 91' lang='lat' dir='ltr'>est.</span> 
     </span>
     <span class='ocr_line' id='line_1_15' title="bbox 280 1691 1107 1776; baseline 0.002 -21"><span class='ocrx_word' id='word_1_79' title='bbox 280 1710 357 1775; x_wconf 81' lang='lat' dir='ltr'>ergo</span> <span class='ocrx_word' id='word_1_80' title='bbox 387 1692 486 1756; x_wconf 87' lang='lat' dir='ltr'>etiam</span> <span class='ocrx_word' id='word_1_81' title='bbox 515 1695 585 1756; x_wconf 89' lang='grc' dir='ltr'>ΑΓ</span> <span class='ocrx_word' id='word_1_82' title='bbox 612 1691 754 1757; x_wconf 91' lang='lat' dir='ltr'>medium</span> <span class='ocrx_word' id='word_1_83' title='bbox 784 1695 833 1756; x_wconf 92' lang='lat' dir='ltr'>est</span> <span class='ocrx_word' id='word_1_84' title='bbox 864 1694 968 1776; x_wconf 88' lang='lat' dir='ltr'>[prop.</span> <span class='ocrx_word' id='word_1_85' title='bbox 994 1692 1107 1757; x_wconf 87' lang='lat' dir='ltr'>XXIII</span> 
     </span>
     <span class='ocr_line' id='line_1_16' title="bbox 115 1796 942 1882; baseline -0.007 -15"><span class='ocrx_word' id='word_1_86' title='bbox 115 1818 253 1867; x_wconf 80' lang='lat' dir='ltr'><em>--—A</em></span> <span class='ocrx_word' id='word_1_87' title='bbox 280 1798 419 1881; x_wconf 83' lang='lat' dir='ltr'>coroll.];</span> <span class='ocrx_word' id='word_1_88' title='bbox 443 1797 529 1882; x_wconf 94' lang='lat' dir='ltr'>quod</span> <span class='ocrx_word' id='word_1_89' title='bbox 553 1796 942 1882; x_wconf 32' lang='lat' dir='ltr'>eratssdemoustrandum.</span> 
     </span>
    </p>
   </div>
   <div class='ocr_carea' id='block_1_4' title="bbox 546 1990 648 2056">
    <p class='ocr_par' dir='ltr' id='par_1_8' title="bbox 546 1990 648 2056">
     <span class='ocr_line' id='line_1_17' title="bbox 546 1990 648 2056; baseline 0 0"><span class='ocrx_word' id='word_1_90' title='bbox 546 1990 648 2056; x_wconf 90' lang='lat' dir='ltr'>XXV.</span> 
     </span>
    </p>
   </div>
   <div class='ocr_carea' id='block_1_5' title="bbox 90 2116 1109 2838">
    <p class='ocr_par' dir='ltr' id='par_1_9' title="bbox 161 2116 1106 2202">
     <span class='ocr_line' id='line_1_18' title="bbox 161 2116 1106 2202; baseline 0.001 -21"><span class='ocrx_word' id='word_1_91' title='bbox 161 2117 400 2202; x_wconf 82' lang='lat' dir='ltr'>Rectaugulum</span> <span class='ocrx_word' id='word_1_92' title='bbox 416 2116 513 2180; x_wconf 86' lang='lat' dir='ltr'>rectis</span> <span class='ocrx_word' id='word_1_93' title='bbox 523 2116 636 2180; x_wconf 89' lang='lat' dir='ltr'>mediis</span> <span class='ocrx_word' id='word_1_94' title='bbox 646 2116 796 2199; x_wconf 88' lang='lat' dir='ltr'>potentia</span> <span class='ocrx_word' id='word_1_95' title='bbox 806 2118 935 2179; x_wconf 89' lang='lat' dir='ltr'>tantum</span> <span class='ocrx_word' id='word_1_96' title='bbox 945 2137 1106 2182; x_wconf 88' lang='lat' dir='ltr'>commen-</span> 
     </span>
    </p>

    <p class='ocr_par' dir='ltr' id='par_1_10' title="bbox 90 2221 1106 2306">
     <span class='ocr_line' id='line_1_19' title="bbox 90 2221 1106 2306; baseline -0.001 -16"><span class='ocrx_word' id='word_1_97' title='bbox 90 2223 290 2290; x_wconf 86' lang='lat' dir='ltr'>surabilibus</span> <span class='ocrx_word' id='word_1_98' title='bbox 305 2221 572 2306; x_wconf 86' lang='lat' dir='ltr'>comprehensum</span> <span class='ocrx_word' id='word_1_99' title='bbox 584 2225 640 2286; x_wconf 90' lang='lat' dir='ltr'>aut</span> <span class='ocrx_word' id='word_1_100' title='bbox 651 2221 811 2287; x_wconf 82' lang='lat' dir='ltr'>rationale</span> <span class='ocrx_word' id='word_1_101' title='bbox 822 2226 878 2286; x_wconf 88' lang='lat' dir='ltr'>aut</span> <span class='ocrx_word' id='word_1_102' title='bbox 892 2223 1033 2287; x_wconf 88' lang='lat' dir='ltr'>medium</span> <span class='ocrx_word' id='word_1_103' title='bbox 1048 2228 1106 2289; x_wconf 91' lang='lat' dir='ltr'>est.</span> 
     </span>
    </p>

    <p class='ocr_par' dir='ltr' id='par_1_11' title="bbox 159 2327 1107 2413">
     <span class='ocr_line' id='line_1_20' title="bbox 159 2327 1107 2413; baseline 0 -19"><span class='ocrx_word' id='word_1_104' title='bbox 159 2329 270 2394; x_wconf 86' lang='lat' dir='ltr'>Rectis</span> <span class='ocrx_word' id='word_1_105' title='bbox 291 2328 376 2392; x_wconf 91' lang='lat' dir='ltr'>enim</span> <span class='ocrx_word' id='word_1_106' title='bbox 396 2327 510 2392; x_wconf 88' lang='lat' dir='ltr'>mediis</span> <span class='ocrx_word' id='word_1_107' title='bbox 530 2332 606 2410; x_wconf 88' lang='grc' dir='ltr'>ΑΒ,</span> <span class='ocrx_word' id='word_1_108' title='bbox 626 2330 692 2391; x_wconf 88' lang='grc' dir='ltr'>ΒΓ</span> <span class='ocrx_word' id='word_1_109' title='bbox 705 2329 854 2413; x_wconf 89' lang='lat' dir='ltr'>potentia</span> <span class='ocrx_word' id='word_1_110' title='bbox 872 2331 1001 2393; x_wconf 89' lang='lat' dir='ltr'>tantum</span> <span class='ocrx_word' id='word_1_111' title='bbox 1021 2352 1107 2394; x_wconf 89' lang='lat' dir='ltr'>com·</span> 
     </span>
    </p>

    <p class='ocr_par' dir='ltr' id='par_1_12' title="bbox 91 2433 1108 2619">
     <span class='ocr_line' id='line_1_21' title="bbox 91 2433 1108 2518; baseline 0.001 -18"><span class='ocrx_word' id='word_1_112' title='bbox 91 2433 366 2500; x_wconf 88' lang='lat' dir='ltr'>mensurabilibus</span> <span class='ocrx_word' id='word_1_113' title='bbox 383 2433 675 2517; x_wconf 88' lang='lat' dir='ltr'>comprehendatur</span> <span class='ocrx_word' id='word_1_114' title='bbox 689 2435 914 2518; x_wconf 83' lang='lat' dir='ltr'>rectangulum</span> <span class='ocrx_word' id='word_1_115' title='bbox 926 2437 999 2500; x_wconf 82' lang='lat' dir='ltr'>AF.</span> <span class='ocrx_word' id='word_1_116' title='bbox 1026 2434 1108 2509; x_wconf 84' lang='lat' dir='ltr'>dico,</span> 
     </span>
     <span class='ocr_line' id='line_1_22' title="bbox 94 2537 767 2619; baseline -0.004 -15"><span class='ocrx_word' id='word_1_117' title='bbox 94 2543 161 2604; x_wconf 89' lang='grc' dir='ltr'>ΑΓ</span> <span class='ocrx_word' id='word_1_118' title='bbox 181 2543 237 2604; x_wconf 88' lang='lat' dir='ltr'>aut</span> <span class='ocrx_word' id='word_1_119' title='bbox 258 2537 421 2603; x_wconf 85' lang='lat' dir='ltr'>rationale</span> <span class='ocrx_word' id='word_1_120' title='bbox 446 2543 501 2602; x_wconf 89' lang='lat' dir='ltr'>aut</span> <span class='ocrx_word' id='word_1_121' title='bbox 525 2539 665 2603; x_wconf 87' lang='lat' dir='ltr'>medium</span> <span class='ocrx_word' id='word_1_122' title='bbox 689 2560 767 2619; x_wconf 86' lang='lat' dir='ltr'>esse.</span> 
     </span>
    </p>

    <p class='ocr_par' dir='ltr' id='par_1_13' title="bbox 373 2644 1109 2730">
     <span class='ocr_line' id='line_1_23' title="bbox 373 2644 1109 2730; baseline 0.005 -22"><span class='ocrx_word' id='word_1_123' title='bbox 373 2680 394 2730; x_wconf 86' lang='lat' dir='ltr'><strong>Z</strong></span> <span class='ocrx_word' id='word_1_124' title='bbox 470 2680 500 2730; x_wconf 75' lang='grc' dir='ltr'><strong><em>Η</em></strong></span> <span class='ocrx_word' id='word_1_125' title='bbox 589 2666 666 2709; x_wconf 91' lang='lat' dir='ltr'>nam</span> <span class='ocrx_word' id='word_1_126' title='bbox 692 2644 727 2707; x_wconf 92' lang='lat' dir='ltr'>in</span> <span class='ocrx_word' id='word_1_127' title='bbox 754 2649 835 2727; x_wconf 82' lang='lat' dir='ltr'>AB,</span> <span class='ocrx_word' id='word_1_128' title='bbox 858 2647 924 2708; x_wconf 90' lang='grc' dir='ltr'>ΒΓ</span> <span class='ocrx_word' id='word_1_129' title='bbox 950 2645 1109 2729; x_wconf 89' lang='lat' dir='ltr'>quadrata</span> 
     </span>
    </p>

    <p class='ocr_par' dir='ltr' id='par_1_14' title="bbox 523 2751 1108 2838">
     <span class='ocr_line' id='line_1_24' title="bbox 523 2751 1108 2838; baseline 0.005 -23"><span class='ocrx_word' id='word_1_130' title='bbox 523 2751 748 2815; x_wconf 88' lang='lat' dir='ltr'>describantur</span> <span class='ocrx_word' id='word_1_131' title='bbox 770 2754 856 2832; x_wconf 86' lang='grc' dir='ltr'>ΑΔ,</span> <span class='ocrx_word' id='word_1_132' title='bbox 879 2755 951 2816; x_wconf 83' lang='grc' dir='ltr'>ΒΕ.</span> <span class='ocrx_word' id='word_1_133' title='bbox 999 2753 1108 2838; x_wconf 89' lang='lat' dir='ltr'>itaque</span> 
     </span>
    </p>
   </div>
   <div class='ocr_carea' id='block_1_6' title="bbox 209 2757 1109 3242">
    <p class='ocr_par' dir='ltr' id='par_1_15' title="bbox 209 2757 1109 3242">
     <span class='ocr_line' id='line_1_25' title="bbox 522 2856 1109 2941; baseline 0.002 -19"><span class='ocrx_word' id='word_1_134' title='bbox 522 2863 696 2941; x_wconf 90' lang='lat' dir='ltr'>utrumque</span> <span class='ocrx_word' id='word_1_135' title='bbox 717 2861 796 2938; x_wconf 84' lang='grc' dir='ltr'>ΑΛ,</span> <span class='ocrx_word' id='word_1_136' title='bbox 812 2860 877 2920; x_wconf 83' lang='grc' dir='ltr'>ΒΕ</span> <span class='ocrx_word' id='word_1_137' title='bbox 894 2856 1035 2922; x_wconf 91' lang='lat' dir='ltr'>medium</span> <span class='ocrx_word' id='word_1_138' title='bbox 1050 2861 1109 2924; x_wconf 88' lang='lat' dir='ltr'>est.</span> 
     </span>
     <span class='ocr_line' id='line_1_26' title="bbox 294 2757 1109 3242; baseline -0.001 -213"><span class='ocrx_word' id='word_1_139' title='bbox 294 2980 296 3007; x_wconf 84' lang='lat'><strong>¹</strong></span> <span class='ocrx_word' id='word_1_140' title='bbox 367 2757 478 3242; x_wconf 39' lang='lat' dir='ltr'>Y!</span> <span class='ocrx_word' id='word_1_141' title='bbox 522 2962 704 3047; x_wconf 75' lang='lat' dir='ltr'>et&#39;ponaaur</span> <span class='ocrx_word' id='word_1_142' title='bbox 717 2964 885 3028; x_wconf 86' lang='lat' dir='ltr'>rationalis</span> <span class='ocrx_word' id='word_1_143' title='bbox 897 2966 972 3047; x_wconf 87' lang='lat' dir='ltr'>ZH,</span> <span class='ocrx_word' id='word_1_144' title='bbox 987 2967 1019 3028; x_wconf 92' lang='lat' dir='ltr'>et</span> <span class='ocrx_word' id='word_1_145' title='bbox 1034 2985 1109 3046; x_wconf 86' lang='lat' dir='ltr'>qua-</span> 
     </span>
     <span class='ocr_line' id='line_1_27' title="bbox 209 3054 1109 3232; baseline -0.001 -99"><span class='ocrx_word' id='word_1_146' title='bbox 209 3146 232 3179; x_wconf 34' lang='lat'>?</span> <span class='ocrx_word' id='word_1_147' title='bbox 367 3054 470 3232; x_wconf 45' lang='lat' dir='ltr'>*Q</span> <span class='ocrx_word' id='word_1_148' title='bbox 521 3070 614 3135; x_wconf 88' lang='lat' dir='ltr'>drato</span> <span class='ocrx_word' id='word_1_149' title='bbox 625 3074 696 3134; x_wconf 89' lang='grc' dir='ltr'>ΑΔ</span> <span class='ocrx_word' id='word_1_150' title='bbox 712 3070 844 3153; x_wconf 88' lang='lat' dir='ltr'>aequale</span> <span class='ocrx_word' id='word_1_151' title='bbox 854 3072 961 3133; x_wconf 89' lang='lat' dir='ltr'>rectae</span> <span class='ocrx_word' id='word_1_152' title='bbox 976 3072 1048 3133; x_wconf 91' lang='lat' dir='ltr'>ZH</span> <span class='ocrx_word' id='word_1_153' title='bbox 1056 3068 1109 3132; x_wconf 89' lang='lat' dir='ltr'>ad·</span> 
     </span>
    </p>
   </div>
   <div class='ocr_carea' id='block_1_7' title="bbox 374 3170 1109 3259">
    <p class='ocr_par' dir='ltr' id='par_1_16' title="bbox 374 3170 1109 3259">
     <span class='ocr_line' id='line_1_28' title="bbox 374 3170 1109 3259; baseline -0.003 -19"><span class='ocrx_word' id='word_1_154' title='bbox 374 3170 397 3217; x_wconf 78' lang='lat' dir='ltr'><strong><em>A</em></strong></span> <span class='ocrx_word' id='word_1_155' title='bbox 519 3176 657 3259; x_wconf 89' lang='lat' dir='ltr'>plicetur</span> <span class='ocrx_word' id='word_1_156' title='bbox 671 3174 1013 3259; x_wconf 84' lang='lat' dir='ltr'>parallelogrammum</span> <span class='ocrx_word' id='word_1_157' title='bbox 1029 3179 1109 3238; x_wconf 89' lang='lat' dir='ltr'>rect-</span> 
     </span>
    </p>
   </div>
   <div class='ocr_carea' id='block_1_8' title="bbox 91 3343 1113 3611">
    <p class='ocr_par' dir='ltr' id='par_1_17' title="bbox 91 3343 1113 3611">
     <span class='ocr_line' id='line_1_29' title="bbox 126 3343 1108 3422; baseline -0.006 -15"><span class='ocrx_word' id='word_1_158' title='bbox 126 3355 311 3422; x_wconf 71' lang='grc' dir='ltr'><strong><em>περιέχεσθαι</em></strong></span> <span class='ocrx_word' id='word_1_159' title='bbox 336 3353 371 3417; x_wconf 89' lang='grc' dir='ltr'>Β,</span> <span class='ocrx_word' id='word_1_160' title='bbox 395 3366 463 3405; x_wconf 89' lang='lat' dir='ltr'>corr.</span> <span class='ocrx_word' id='word_1_161' title='bbox 484 3368 520 3402; x_wconf 90' lang='lat' dir='ltr'>m.</span> <span class='ocrx_word' id='word_1_162' title='bbox 539 3354 565 3405; x_wconf 69' lang='grc' dir='ltr'>Β.</span> <span class='ocrx_word' id='word_1_163' title='bbox 649 3353 691 3402; x_wconf 76' lang='lat'>20.</span> <span class='ocrx_word' id='word_1_164' title='bbox 716 3343 792 3402; x_wconf 78' lang='grc' dir='ltr'><strong><em>ἐστιν</em></strong></span> <span class='ocrx_word' id='word_1_165' title='bbox 810 3343 828 3417; x_wconf 74' lang='grc' dir='ltr'>ἢ</span> <span class='ocrx_word' id='word_1_166' title='bbox 848 3348 933 3418; x_wconf 83' lang='grc' dir='ltr'><strong><em>μέσον</em></strong></span> <span class='ocrx_word' id='word_1_167' title='bbox 953 3349 986 3403; x_wconf 90' lang='lat' dir='ltr'>V.</span> <span class='ocrx_word' id='word_1_168' title='bbox 1064 3354 1108 3401; x_wconf 72' lang='lat'>23.</span> 
     </span>
     <span class='ocr_line' id='line_1_30' title="bbox 93 3415 1110 3492; baseline -0.007 -14"><span class='ocrx_word' id='word_1_169' title='bbox 93 3426 144 3478; x_wconf 83' lang='grc' dir='ltr'>ΖΕ</span> <span class='ocrx_word' id='word_1_170' title='bbox 163 3423 197 3490; x_wconf 80' lang='lat' dir='ltr'>F,</span> <span class='ocrx_word' id='word_1_171' title='bbox 217 3440 287 3478; x_wconf 87' lang='lat' dir='ltr'>corr.</span> <span class='ocrx_word' id='word_1_172' title='bbox 306 3441 342 3479; x_wconf 91' lang='lat' dir='ltr'>m.</span> <span class='ocrx_word' id='word_1_173' title='bbox 363 3427 388 3476; x_wconf 80' lang='lat'>2.</span> <span class='ocrx_word' id='word_1_174' title='bbox 460 3420 517 3492; x_wconf 78' lang='grc' dir='ltr'>τῷ]</span> <span class='ocrx_word' id='word_1_175' title='bbox 537 3436 607 3474; x_wconf 90' lang='lat' dir='ltr'>corr.</span> <span class='ocrx_word' id='word_1_176' title='bbox 627 3435 661 3474; x_wconf 83' lang='lat' dir='ltr'>ex</span> <span class='ocrx_word' id='word_1_177' title='bbox 679 3415 710 3471; x_wconf 86' lang='grc' dir='ltr'>τό</span> <span class='ocrx_word' id='word_1_178' title='bbox 731 3419 764 3473; x_wconf 91' lang='lat' dir='ltr'>V.</span> <span class='ocrx_word' id='word_1_179' title='bbox 836 3423 879 3473; x_wconf 80' lang='lat'>25.</span> <span class='ocrx_word' id='word_1_180' title='bbox 898 3417 966 3490; x_wconf 79' lang='grc' dir='ltr'>τήν]</span> <span class='ocrx_word' id='word_1_181' title='bbox 986 3433 1054 3473; x_wconf 79' lang='lat' dir='ltr'>corr.</span> <span class='ocrx_word' id='word_1_182' title='bbox 1074 3433 1110 3473; x_wconf 85' lang='lat' dir='ltr'>ex</span> 
     </span>
     <span class='ocr_line' id='line_1_31' title="bbox 91 3493 1113 3611; baseline -0.008 -64"><span class='ocrx_word' id='word_1_183' title='bbox 91 3493 265 3550; x_wconf 59' lang='lat' dir='ltr'>mme</span> <span class='ocrx_word' id='word_1_184' title='bbox 1095 3574 1113 3611; x_wconf 48' lang='lat' dir='ltr'>d</span> 
     </span>
    </p>
   </div>
   <div class='ocr_carea' id='block_1_9' title="bbox 0 0 1209 3832">
    <p class='ocr_par' dir='ltr' id='par_1_18' title="bbox 0 0 1209 3832">
     <span class='ocr_line' id='line_1_32' title="bbox 0 0 1209 3832; baseline 0 0"><span class='ocrx_word' id='word_1_185' title='bbox 0 0 1209 3832; x_wconf 95' lang='lat' dir='ltr'> </span> 
     </span>
    </p>
   </div>
  </div>
 </body>
</html>
