2378 3832
510 134 700 186 APPENDIX.
1049 133 1115 199 407

584 294 636 358 26.

166 417 274 481 Recta
291 420 398 482 rectae
417 439 490 481 cum
508 417 665 483 rationali
683 421 734 483 tot
719 422 789 483 tum
805 419 945 483 medium
960 418 1114 485 efficienti

98 523 403 588 commensurabilis
440 545 511 588 eum
549 523 768 590 rationalito
733 527 840 590 toturn
871 524 1013 589 medium
1045 525 1114 589 effi-

99 629 187 693 ciens
212 632 270 691 cst.

173 731 223 798 Sit
241 739 273 797 A
295 738 384 799 recta
407 755 479 798 curn
502 734 658 801 rationali
680 738 785 800 totum
804 736 945 802 medium
963 736 1115 820 efficiens,

103 840 136 904 ei
156 842 264 904 autem
278 840 579 906 commensurabilis
593 845 631 905 Β.
664 841 744 926 dico,
767 846 796 906 Β
815 845 936 907 rectam
954 863 1024 908 esse
1040 864 1113 908 cum

98 945 255 1010 rationali
278 948 385 1010 totum
409 945 550 1010 medium
574 947 776 1013 efficientem.

167 1053 309 1135 ponatur
341 1050 511 1117 rationalis
541 1055 621 1131 ΓΛ,
655 1056 688 1117 et
716 1054 874 1138 quadrato
902 1052 952 1118 Α2
981 1054 1113 1138 aequale

98 1160 169 1223 rect
171 1179 208 1222 ae
236 1160 303 1221 ΓΔ
333 1156 513 1240 adplicetur
539 1162 604 1223 ΓΕ
635 1159 840 1224 latitudinem
872 1158 1016 1225 efficiens
1042 1162 1113 1224 ΓΖ.

217 1316 243 1366 Γ
288 1316 308 1365 Z
423 1315 447 1366 Θ
474 1264 587 1348 itaque
618 1267 684 1329 ΓΖ
722 1269 873 1349 apotome
913 1269 963 1330 est
999 1265 1113 1350 quinta

109 1421 124 1427 -
168 1394 227 1473 l!
475 1372 585 1454 [prop.
610 1367 680 1452 01]
734 1371 891 1455 quadrato
924 1374 1032 1436 autem
1064 1369 1111 1436 Β2

160 1484 178 1650 p
224 1468 227 1640 ⁴
474 1476 608 1560 aequale
633 1481 701 1542 rect
703 1498 740 1542 ae
759 1482 824 1542 ΖΕ
845 1477 985 1562 adplicet
986 1500 1025 1542 ur
972 1480 1116 1542 tZH

106 1641 126 1649 „
474 1580 681 1646 latitudinem
722 1582 865 1649 efficiens
908 1587 984 1648 ΖΘ.
1045 1584 1111 1648 iam

96 1657 120 1703 A
158 1655 179 1703 B
207 1658 232 1702 Δ
287 1653 312 1703 E
419 1653 449 1702 H
474 1688 626 1770 quoniam
660 1693 706 1772 A,
735 1693 763 1753 Β
800 1688 1110 1755 commensurabiles

97 1797 185 1877 sunt,
210 1794 308 1858 etiam
331 1791 387 1876 A²,
405 1791 448 1858 Bl
471 1794 774 1859 commensurabilia
798 1797 884 1859 sunt.
929 1799 978 1859 est
1001 1797 1109 1858 autem

96 1903 163 1965 ΓΕ
176 1930 218 1953 =
233 1897 291 1984 Al,
319 1901 390 1967 ΖΗ
402 1929 444 1953 =
458 1896 509 1963 Bl.
555 1900 664 1983 itaque
687 1903 760 1983 ΓΕ,
785 1904 857 1965 ΖΗ
875 1920 1109 1965 commensura-

96 2006 179 2072 bilia
202 2010 287 2071 sunt.
325 2028 424 2091 quare
443 2006 542 2070 etiam
560 2008 631 2090 ΓΖ,
647 2009 708 2070 ΖΘ
725 2006 928 2091 longitudine
947 2027 1110 2072 common·

95 2113 258 2178 surabiles
281 2116 357 2177 sunt
381 2110 451 2194 [VL
473 2114 506 2194 13
528 2133 620 2196 prop.
634 2110 704 2192 XI].
745 2115 806 2177 ΓΖ
829 2116 939 2177 autern
958 2115 1109 2197 apotome

94 2222 149 2282 est
181 2218 302 2303 quinta.
361 2220 471 2302 itaque
504 2218 602 2282 etiam
637 2221 698 2282 ΖΘ
730 2223 880 2303 apotome
914 2223 964 2284 est
996 2218 1109 2302 quinta

94 2326 209 2408 [prop.
233 2321 344 2407 0111];
376 2329 442 2389 ΖΕ
463 2327 571 2389 autem
594 2325 765 2390 rationalis
789 2329 848 2392 est.
893 2325 943 2389 sin
967 2325 1109 2409 spatium

91 2433 186 2495 reeta
199 2429 352 2496 rationali
367 2434 400 2495 et
414 2434 565 2516 apotome
580 2431 695 2515 quinta
709 2432 1001 2516 comprehenditur,
1019 2434 1109 2495 recta

94 2535 205 2617 spatio
229 2536 374 2621 aequalis
393 2537 553 2622 quadrata
571 2540 660 2602 recta
679 2540 729 2602 est
743 2559 817 2603 curn
831 2537 986 2602 rationali
1001 2539 1107 2601 totum

92 2640 238 2707 medium
261 2640 405 2706 efficiens
429 2644 533 2726 [prop.
556 2640 667 2722 XCV}
713 2646 763 2706 est
786 2646 894 2707 autem
916 2641 959 2707 13²
974 2672 1016 2695 =
1032 2644 1108 2707 ZH.

92 2767 175 2832 ergo
189 2752 218 2812 Β
236 2751 326 2812 recta
344 2753 394 2813 est
412 2770 486 2813 curn
499 2748 652 2813 rationali
666 2751 773 2813 totum
787 2747 929 2813 medium
948 2747 1106 2832 efficiens;

93 2854 183 2937 quod
207 2858 278 2920 erat
301 2854 596 2919 demonstrandum
860 2862 863 2867 '

91 3061 185 3170 ⁰⁰3?
193 3045 280 3186 aa
300 3046 387 3187 ald
403 3046 612 3188 llll&
582 3112 669 3202 aaa
615 3041 1105 3205 llllltttllcsslslll

93 3185 223 3273 BrbV„
251 3187 394 3243 Inbadd.
407 3206 444 3243 m.
461 3194 488 3242 1·
511 3183 644 3250 ὡσαύτως
661 3187 711 3242 καὶ
729 3183 831 3242 τούτου
849 3188 900 3243 τοῦ
919 3186 1106 3275 θεωρήματος

90 3225 265 3343 daedalicis
283 3254 301 3327 ἡ
321 3252 407 3344 αὕτη
384 3253 521 3314 'irae
488 3279 522 3345 τῃ
541 3259 591 3313 τοῦ
611 3256 670 3347 ρξ’
695 3255 728 3313 od
753 3251 810 3329 μὴν
831 3255 848 3327 ἡ
867 3257 1037 3347 καταγραφὴ
1056 3260 1106 3315 καὶ

89 3323 126 3383 τὸ
145 3346 162 3383 o
178 3328 238 3398 ἧμα
258 3324 407 3402 ἐκείνῳ
376 3349 411 3383 τα
431 3323 505 3384 αὕτα
497 3327 604 3384 'melon
633 3328 691 3384 ἔστι
710 3323 793 3384 olle
808 3323 893 3384 ἕτὲω
908 3328 1039 3399 uelatos,
1059 3328 1104 3385 ded

89 3399 143 3454 aul
182 3404 230 3468 μῖν
248 3383 489 3488 παραίέγραπται.
510 3397 616 3454 εἷτα
588 3420 671 3454 τον
641 3397 671 3454 ἔν
673 3403 724 3455 δον
738 3394 841 3470 ριξν
808 3395 841 3455 ἐν
855 3349 954 3473 Ξκείνῳ
969 3399 1015 3457 ἐστ
1017 3399 1103 3472 ὶριθ’

88 3469 142 3525 καὶ
177 3470 225 3539 eric
243 3467 278 3524 τὰ
295 3468 388 3527 λοιπά.
