2378 3832
84 143 150 207 248
471 142 674 196 ΣΤοΙΧΕιωΝ
692 137 721 196 ί.

85 282 144 352 άπ’
166 283 280 351 αὐτῶν
296 280 488 370 τετράγωνα
506 280 574 369 άμα
593 282 707 370 ῥητόν,
726 280 763 351 τὸ
784 281 822 349 δὲ
841 282 893 362 δὶς
911 278 968 348 ὑπ’
990 278 1110 362 αῦτῶγ

86 391 202 477 μέσον·
232 387 313 477 ὅπερ
337 393 404 457 ἔδει
428 390 541 470 δείξαι.

562 601 630 686 πγ’.

158 731 210 813 Τῇ
234 723 327 812 μετὰ
351 726 472 811 ῥητοῦ
496 726 618 811 μέσον
641 722 683 792 τδ
713 721 810 791 ὅλον
838 721 1011 810 ποιούσῃ
1035 727 1108 808 μία

51 853 67 903 σ
87 830 212 918 μόνον
227 829 496 918 προσαρμόζει
510 827 651 897 εὐθεῖα
670 831 839 916 δυνάμει
857 825 1107 916 ἀσύμμετρος

87 931 187 1005 οὖσα
209 940 253 1024 τῇ
279 935 364 1025 ὅλη,
387 932 481 1023 μετὰ
505 935 547 1003 δὲ
569 939 637 1021 τῆς
661 933 754 1021 ὅλης
776 938 951 1003 ποιοῦσα
972 937 1012 1002 τὸ
1033 933 1101 1020 μὲν

87 1047 350 1129 συγκείμενον
388 1045 429 1110 ἐκ
465 1044 543 1108 τῶν
582 1039 642 1108 ἀπ’
678 1039 809 1110 αὐτῶν
845 1038 1103 1127 τετραγώνων

86 1148 225 1234 μέσον,
248 1146 290 1216 τὸ
316 1146 357 1214 δὲ
380 1146 441 1225 δίς
464 1143 526 1213 ὑπ’
554 1145 683 1215 αὐτῶν
708 1147 838 1233 ῥητόν.

146 1251 254 1320 Ἔστω
277 1249 298 1339 ἡ
323 1250 403 1339 μετὰ
422 1254 526 1338 ῥητοῦ
545 1252 648 1338 μέσον
666 1250 704 1320 τὸ
725 1249 806 1320 ὅλον
824 1256 967 1320 ποιοῦσα
986 1249 1007 1337 ἡ
1027 1257 1109 1334 ΑΒ,

36 1383 70 1433 10
88 1360 144 1426 καί
171 1362 211 1447 τῇ
239 1366 305 1426 AB
337 1358 591 1447 προσαρμοζέτω
624 1354 645 1443 ἡ
672 1362 746 1425 ΒΓ·
784 1361 821 1425 αί
847 1356 913 1445 άρα
939 1361 1019 1441 ΑΓ,
1043 1362 1110 1423 ΓΒ

89 1467 230 1551 δυνάμει
267 1464 353 1531 είσὶν
390 1460 594 1551 άσῦμμετροι
623 1468 783 1531 ποιοῦσαι
814 1462 853 1531 τά
888 1468 1108 1550 προκείμενα·

88 1571 190 1656 λέγω,
228 1564 279 1637 ὅτι
311 1571 350 1658 τῇ
384 1575 449 1636 ΑΒ
482 1569 577 1656 ἑτέρα
611 1565 651 1635 οῦ
684 1567 911 1655 προσαρμόσει
942 1566 983 1635 τά
1020 1564 1110 1635 αὐτὰ

87 1679 241 1744 ποιοῦσα.
658 1751 661 1759 ,

157 1785 201 1849 Ec
217 1781 283 1869 γάρ
303 1779 462 1867 δυνατόν,
480 1780 735 1868 προσαρμοζέτω
754 1777 774 1865 ἡ
793 1786 877 1846 ΒΛ·
900 1779 955 1847 καὶ
974 1782 1012 1846 αί
1024 1786 1109 1864 ΑΛ,

39 1912 72 1960 15
92 1894 159 1955 AB
188 1886 254 1975 άρα
282 1886 413 1954 εὐθεῖαι
443 1885 584 1973 δυνάμει
612 1886 698 1954 εἰσὶν
722 1882 926 1974 ἀσύμμετροι
949 1889 1114 1954 ποιοῦσαι

89 1993 130 2060 τὰ
150 1999 359 2081 προκείμενα.
393 1991 463 2060 ἐπεὶ
483 1984 556 2077 οῦν,
581 1983 608 2084 ρὸ
627 1988 779 2078 ὑπερέχει
797 1989 837 2058 τῦ
857 1988 922 2058 άπὸ
941 1994 1010 2059 τῶν
1024 1998 1109 2076 ΑΛ,

89 2104 158 2165 ΛΒ
185 2103 255 2167 τῶν
278 2098 342 2167 άπό
375 2103 443 2167 τῶν
471 2105 550 2184 ΑΓ,
573 2103 650 2183 ΓΒ,
683 2096 790 2189 τούτῳ
814 2094 967 2184 ὑπερέχει
989 2097 1046 2164 καί
1068 2095 1110 2165 τὸ

92 2203 145 2282 δὶς
175 2199 241 2271 ῦπδ
269 2207 338 2272 τῶν
368 2211 454 2289 ΑΔ,
479 2210 546 2270 ΑΒ
578 2207 638 2272 τοῦ
672 2203 724 2283 δὶς
752 2200 819 2272 ῦπὸ
846 2206 915 2270 τοῦν
942 2210 1023 2288 ΑΓ,
1046 2209 1110 2271 ΓΒ

91 2306 292 2388 ἀκολούθως
313 2321 384 2387 τοῖς
406 2308 471 2396 πρὸ
496 2306 617 2395 αὐτοῦ,
645 2307 682 2378 τὸ
708 2308 745 2376 δὲ
769 2308 820 2387 δὶς
842 2305 908 2376 ῦπδ
936 2312 1005 2376 τῶν
1028 2317 1113 2397 ΑΔ,

41 2440 75 2490 νο
94 2421 162 2483 ΛΒ
185 2417 246 2482 τοῦ
270 2414 322 2494 δίς
344 2411 409 2481 ὑπὸ
435 2418 504 2481 τῶν
527 2420 606 2499 ΑΓ,
629 2420 691 2481 ΓΒ
713 2410 866 2502 ὑπερέχει
889 2416 991 2505 ῥητῷ·
1024 2412 1110 2502 ῥητὰ

92 2520 159 2609 γάρ
184 2522 275 2590 ἐστιν
297 2517 485 2607 άμφότερα·
525 2518 581 2586 καὶ
604 2521 644 2586 τὰ
667 2517 732 2588 άπὸ
755 2523 824 2586 τοῦν
847 2528 929 2605 ΑΔ,
953 2527 1020 2587 ΑΒ
1043 2519 1112 2607 άρα

92 2632 161 2697 τοῦν
189 2625 254 2696 άπὸ
287 2635 354 2694 τῶν
382 2630 463 2710 ΑΓ,
492 2629 553 2692 ΓΒ
584 2621 737 2712 ῦπερὲχει
765 2628 876 2715 ῥητηῦ·Ι
909 2623 990 2713 ὅπερ
1019 2627 1111 2695 ἐστὶν

93 2730 277 2802 άδόνατον·
301 2730 387 2820 μέσα
405 2729 468 2819 γάρ
489 2728 778 2819 ἐστιν’άμφότερα.
812 2731 873 2800 οῦκ
896 2729 961 2819 ὅρα
983 2736 1023 2820 τῇ
1044 2738 1110 2799 ΑΒ

93 2838 190 2927 ἑτέρα
214 2835 442 2926 προσαρμόσει
471 2833 588 2904 εὐθεῖα
616 2836 758 2924 δυνάμει
786 2836 994 2925 ἀσύμμετρος
1024 2828 1111 2905 οὖσα

93 2983 307 2995 -----

170 3055 194 3105 1.
214 3043 390 3118 τετράγωνον
409 3048 441 3117 Ρ,
459 3045 641 3119 τετραγώνων
658 3047 693 3112 V,
713 3048 742 3101 ελ
758 3047 789 3115 F,
809 3064 878 3105 corr.
897 3067 934 3107 m.
952 3055 979 3103 λ.
1043 3047 1113 3104 Post

99 3116 185 3192 ῥητόν
204 3119 270 3175 add.
289 3115 359 3190 μετά
378 3119 429 3187 τῆς
447 3113 512 3188 ὅλης
530 3119 563 3175 V.
633 3125 657 3172 2.
678 3111 747 3187 ὅπερ
767 3118 827 3173 ἔδει
846 3121 938 3185 δεῖξαι
972 3136 1063 3189 comp.
1079 3121 1109 3185 P,

99 3208 153 3248 om.
171 3189 286 3246 BFVb.
351 3196 375 3245 3.
394 3186 445 3244 κδ’
465 3190 496 3244 F.
560 3196 585 3245 4.
605 3185 675 3259 μετὰ
694 3188 745 3242 τοῦ
764 3190 798 3245 V.
854 3192 922 3246 Post
957 3195 1027 3259 ητοῦ
1045 3189 1110 3246 εδδ.

98 3262 204 3319 παίω.
223 3259 287 3316 21⁴¹.
361 3265 386 3317 5.
406 3257 479 3331 μόνη
497 3259 531 3314 V.
597 3264 638 3314 10.
658 3260 707 3314 καὶ
724 3259 757 3349 τρ
777 3259 839 3329 ΑΒ]
860 3278 914 3316 om.
933 3259 964 3318 B.
1029 3279 1111 3329 προσ-

99 3329 262 3405 αρμόζουσα
281 3331 345 3402 Vb,
368 3327 601 3402 προσαρμόζουσα
620 3327 654 3385 δέ
671 3330 707 3398 Β,
731 3328 892 3421 αρχιόζουσα
910 3333 940 3386 F.
1015 3338 1057 3386 11.
1077 3326 1110 3384 τίι

98 3401 285 3477 προκείμενα]
303 3397 335 3458 τό
355 3399 407 3473 μὲν
425 3403 610 3471 συγκείμενον
630 3396 661 3456 ἐκ
680 3399 736 3456 τόν
755 3397 812 3455 απὸ
832 3403 888 3456 τῶν
906 3406 973 3468 ΑΓ,
993 3406 1043 3456 ΓΒ
1067 3420 1110 3456 τε-

91 3469 251 3549 τραγαίνων
271 3471 374 3547 μέσον,
402 3468 435 3529 τό
459 3469 491 3529 δὲ
517 3471 560 3537 δὶς
583 3468 639 3528 ὑπὸ
662 3477 718 3527 τῶν
744 3477 809 3539 ΑΓῚ
829 3476 877 3526 ΓΒ
901 3469 987 3541 ῥητόν
1013 3472 1112 3527 Theon
