2378 3832
119 167 163 232 60
503 164 705 218 ΣΤοΙΧΕιαΝ
723 160 750 218 ι’.

182 307 300 397 Ῥητὸν
329 308 394 397 γάρ
423 305 460 376 τὸ
484 317 516 376 A
522 313 555 375 Γ
572 305 661 394 παρά
691 303 795 392 ῥητήν
818 306 901 374 κατά
925 331 1001 373 τινα
1033 305 1132 373 πάλιν

119 420 188 485 τῶν
218 416 471 504 προειρημένων
507 414 642 503 τρόπων
674 412 738 500 τήν
769 418 835 479 ΑΒ
864 410 1131 499 παραβεβλήσθω

120 521 244 601 πλάτος
266 526 389 590 ποιοῦν
411 519 474 607 τήν
497 525 574 588 ΒΓ·
606 519 708 605 λέγω,
732 516 783 585 ὅτι
807 517 890 605 ῥητή
915 521 1005 586 ἐστιν
1028 515 1049 604 ἡ
1074 522 1136 585 ΒΓ

120 629 175 696 καὶ
199 628 383 716 σύμμετρος
405 631 445 714 τῇ
470 634 535 694 ΒΑ
558 624 662 712 μήκει.

86 756 102 804 5
184 732 448 822 Ἀναγεγράφθω
467 730 532 820 γάρ
552 728 617 800 άπὸ
636 731 988 818 τήςΑΒτετράγωνον
1002 731 1040 800 τὸ
1052 741 1135 800 ΑΛ·

122 840 224 929 ῥητὸν
248 838 313 929 άρα
337 841 406 908 ἐστὶ
429 838 466 907 τὸ
491 847 569 906 ΑΔ.
616 837 720 926 ῥητὸν
743 838 780 906 δὲ
803 841 857 906 καὶ
880 839 917 907 τὸ
942 844 1022 906 ΑΓ·
1053 838 1136 926 σύμ

121 973 243 1034 μἐτρον
271 944 337 1033 άρα
361 945 435 1013 ἐστὶ
463 944 500 1013 τὸ
525 952 597 1012 ΔΑ
623 949 668 1036 τῷ
693 952 767 1013 ΑΓ.
821 952 881 1012 καί
904 948 995 1014 ἐστιν
1024 942 1069 1024 ὡς
1097 944 1135 1013 ιδ

122 1062 193 1121 ΛΑ
216 1050 300 1141 πρὸς
321 1050 359 1119 τὸ
384 1058 460 1136 ΑΓ,
486 1048 593 1131 οὕτως
615 1048 636 1138 ή
662 1059 729 1119 ΔΒ
751 1050 835 1138 πρὸς
856 1051 918 1139 τήν
941 1057 1017 1120 ΒΓ.
1050 1051 1138 1138 σάμ-

121 1184 240 1244 μετρος
262 1156 329 1243 άρα
352 1158 421 1225 ἐστὶ
443 1157 500 1224 καὶ
521 1155 542 1244 ή
562 1164 630 1224 ΔΒ
651 1161 691 1246 τῇ
713 1163 792 1225 ΒΓ·
839 1167 893 1244 ἴση
919 1155 994 1244 δὲή
1015 1164 1078 1225 ΔΒ
1096 1161 1138 1245 τῇ

70 1285 103 1333 10
122 1270 200 1331 BA·
230 1262 415 1351 σύμμετρος
433 1260 500 1350 άρα
518 1260 612 1349 καλή
633 1271 699 1330 AB
719 1275 759 1352 τῇ
780 1269 850 1331 ΒΓ.
887 1263 969 1351 ῥητὴ
989 1265 1029 1332 δέ
1044 1265 1139 1331 ἐστιν

44 1412 47 1419 ,
122 1367 143 1456 ή
167 1377 246 1438 AB·
291 1368 373 1457 ῥητή
403 1367 468 1457 άρα
496 1370 565 1437 ἐστὶ
593 1370 648 1436 καὶ
676 1366 697 1455 ή
722 1377 788 1437 ΒΓ
806 1371 863 1437 καὶ
888 1368 1074 1456 σύμμετρος
1096 1374 1139 1459 τῇ

122 1482 187 1543 ΑΒ
211 1477 315 1561 μήκει.

187 1580 266 1648 Ἐάν
281 1579 346 1667 άρα
360 1579 464 1668 ῥητὸν
479 1580 570 1669 παρά
587 1583 692 1669 ῥητήν
702 1586 916 1670 παραβληθῇ,
929 1583 985 1649 καὶ
999 1582 1039 1650 τὰ
1054 1583 1140 1669 ἑξῆς.

599 1804 658 1847 κα.

70 1928 103 1976 15
193 1899 242 1969 Τδ
260 1897 334 1969 ὑπὸ
350 1903 480 1987 ῥητῶν
500 1899 670 1987 δυνάμει
685 1902 811 1986 μόνον
827 1902 1060 1995 συμμέτρων
1075 1899 1142 1971 εὐ-

121 2010 246 2074 θειῶν
271 2009 558 2094 περιεχόμενον
577 2004 833 2092 ὀρθογώνιον
853 2005 1000 2093 άλογόν
1020 2009 1143 2094 ἐστιν,

121 2112 188 2179 καὶ
211 2110 231 2198 ή
256 2115 461 2198 δυναμένη
491 2111 588 2180 αὐτὸ
612 2111 758 2198 ἄλογός
781 2115 908 2198 ἐστιν,
938 2119 1142 2182 καλείσθω

124 2217 161 2285 δὲ
184 2220 290 2305 μέση.

185 2320 264 2391 Ὑπὸ
280 2323 345 2412 γάρ
360 2325 472 2411 ῥητῶν
492 2321 633 2410 δυνάμει
652 2324 760 2410 μόνον
780 2329 976 2412 συμμέτρων
991 2323 1141 2394 εὐθειῶν

72 2454 107 2505 20
124 2442 192 2498 τῶν
215 2437 293 2515 AB,
316 2436 383 2498 ΒΓ
407 2429 622 2517 ὀρθογώνιον
645 2433 849 2519 περιεχέσθω
867 2431 905 2500 τὸ
927 2438 1008 2500 ΛΓ·
1045 2434 1142 2520 λέγω,

123 2537 173 2605 ὅτι
197 2535 322 2622 άλογόν
346 2537 414 2604 ἐστι
438 2534 476 2605 τὸ
496 2542 574 2620 ΑΓ,
597 2537 653 2603 καὶ
672 2534 692 2624 ή
714 2540 884 2624 δυναμένη
909 2536 990 2607 αὐτὸ
1016 2535 1141 2623 ἄλογός

123 2645 229 2728 ἐστιν,
252 2647 420 2710 καλείσθω
445 2640 482 2708 δὲ
505 2643 596 2729 μέση.

186 2745 450 2835 Ἀναγεγράφθω
464 2746 529 2836 γάρ
544 2747 610 2817 άπὸ
625 2754 684 2835 τῆς
699 2759 730 2817 Α
735 2757 763 2817 Β
777 2750 988 2838 τετράγωνον
1001 2748 1039 2819 τό
1055 2757 1137 2817 ΑΔ·

122 2851 225 2942 ῥητὸν
250 2851 315 2940 άρα
339 2855 409 2922 ἐστὶ
430 2852 468 2923 τὸ
500 2863 581 2922 ΑΔ.
626 2857 681 2923 καὶ
709 2856 778 2923 ἐπεὶ
807 2853 1016 2944 ἀσύμμετρός
1048 2858 1140 2925 ἐστιν

120 2992 333 3002 ----——-—..

194 3067 217 3114 1.
237 3055 325 3129 ρἠτήν
344 3053 396 3125 τὴν
414 3062 465 3111 ΑΒ
484 3057 518 3114 V.
569 3064 594 3113 2.
615 3057 772 3128 εἰρημένων
787 3060 883 3114 Theon
898 3059 960 3130 (BF
967 3059 1035 3128 Vb).
1086 3057 1138 3129 τήν

123 3155 185 3226 AB]
205 3173 258 3210 om.
277 3156 311 3211 v.
384 3162 409 3212 ο.
432 3142 523 3211 πλοῦν
542 3156 572 3211 Ρ.
652 3161 677 3210 ι.
703 3161 751 3210 AB
770 3157 800 3212 P.
875 3162 898 3210 ε.
923 3156 990 3227 AB]
1014 3173 1084 3213 corr.
1104 3175 1139 3214 ex

122 3232 177 3282 ΛΓ
193 3226 315 3282 ΜΕ.
371 3221 539 3282 mmm).
594 3227 663 3298 ΑΓ]
684 3230 734 3281 ΓΑ
753 3227 783 3283 F.
845 3234 869 3282 7.
889 3223 965 3282 ἐστίν
983 3227 1014 3281 Ρ.
1071 3230 1136 3299 ΔΛ]

122 3303 175 3352 ΑΔ
193 3298 226 3355 V.
299 3302 324 3354 8.
343 3295 406 3369 τήν]
426 3314 480 3352 om.
499 3292 582 3352 BFb.
656 3303 680 3351 9.
701 3293 776 3353 ἐστίν
794 3296 825 3352 Ρ.
890 3298 960 3369 ΔΒ]
981 3299 1052 3369 (alt.)
1072 3304 1139 3368 pout

121 3367 351 3439 ras.V,BAF.
425 3367 855 3492 10.BAgAecorr.m.lP.
913 3365 1138 3442 ἄρα-τῇδε

121 3440 317 3495 m.m.1P.
401 3445 442 3494 12.
465 3443 514 3493 BA
563 3439 621 3494 Vb.
705 3445 747 3496 13.
770 3436 857 3494 m.
937 3437 1016 3509 παρά
1036 3437 1138 3512 ῥητήν]

110 3524 165 3561 om.
184 3511 215 3564 F.
291 3509 486 3583 παραβληθῇ]
510 3526 564 3565 om.
584 3509 614 3565 P.
688 3510 753 3581 ὃσα.
770 3511 889 3579 lemma,
909 3529 936 3566 u.
956 3527 1020 3580 app.
1095 3517 1136 3565 14.
