2332 3840
115 168 179 232 132
500 167 701 222 ΣΤΟΙΧΕΙΩΝ
719 163 746 222 ι’.

116 307 204 377 εἶναι
227 308 390 388 ποιούσας
417 306 454 376 τὸ
483 307 544 395 μὲν
573 315 792 396 συγκείμενον
819 309 857 376 ἐκ
884 313 953 378 τῶν
976 306 1040 378 ἀπὸ
1061 313 1117 378 τῶν

114 422 190 501 AF,
215 422 277 484 ΓΒ
301 417 420 502 μέσον,
448 412 486 484 τὸ
515 414 552 483 δὲ
578 416 631 495 δὶς
652 413 718 483 ὑπὸ
740 419 810 484 τῶν
832 421 909 502 AF,
933 421 994 485 ΓΒ
1017 415 1115 504 ῥητόν·

117 524 219 609 λέγω,
245 521 296 591 ὅτι
321 520 341 611 ἡ
366 529 431 590 ΑΒ
453 519 521 590 κατ’
547 520 629 590 ἄλλο
653 536 793 609 σημεῖον
817 520 859 590 οὐ
881 526 1064 609 διαιρεῖται.

183 634 229 696 El
250 628 314 716 γὰρ
339 628 501 716 δυνατόν,
531 628 706 716 διῃρήσθω
728 628 784 695 καὶ
808 627 891 696 κατὰ
914 626 952 697 τὸ
975 638 1023 715 Δ,
1049 625 1111 697 ὥστε

81 737 171 806 ὁκαὶ
199 734 258 814 τὰς
281 743 364 822 ΑΔ,
389 743 455 802 ΛΒ
480 734 621 821 δυνάμει
648 733 879 822 ἀσυμμέτρους
907 730 995 803 εἶναι
1019 732 1110 802 ποιοίι

117 861 177 922 σας
204 841 242 910 τὸ
271 841 333 928 μέν
366 846 584 927 συγκείμενον
617 843 652 909 έκ
679 852 747 909 τῶν
776 838 840 909 ἀπὸ
869 851 939 910 τῶν
961 850 1042 928 ΑΔ,
1063 845 1106 908 ΔΒ

116 951 231 1035 μέσον,
255 946 294 1016 τὸ
318 948 356 1017 δὲ
379 949 432 1028 δίς
454 946 519 1017 ὑπὸ
543 952 611 1016 τῶν
630 956 711 1034 AA,
730 955 796 1015 AB
819 946 934 1035 ῥητόν.
971 938 1040 1016 ἐπεὶ
1054 937 1109 1030 οὖν,

99 1046 145 1144 ᾦ
169 1055 322 1140 διαφέρει
344 1057 383 1122 τὸ
408 1054 460 1133 δὶς
477 1050 542 1121 ὑπὸ
565 1063 635 1122 τῶν
652 1059 727 1140 AF,
747 1058 808 1121 ΓΒ
826 1057 887 1121 τοῦ
907 1053 960 1133 δὶς
982 1052 1045 1122 ὑπὸ
1058 1055 1108 1119 τῶν

116 1165 198 1244 ΑΔ,
223 1166 301 1244 AB,
327 1158 434 1250 τούτῳ
464 1160 615 1247 διαφέρει
640 1157 759 1226 καὶτὰ
783 1157 850 1226 ἀπὸ
872 1169 941 1228 τῶν
964 1168 1043 1246 ΑΔ,
1062 1162 1109 1225 ΔΒ

69 1288 101 1336 10
120 1274 189 1331 τῶν
213 1261 277 1331 αἰπό
302 1269 371 1333 τῶν
394 1271 468 1350 AF,
491 1271 569 1350 ΓΒ,
596 1262 634 1332 τὸ
661 1263 698 1332 δέ
722 1265 773 1344 δίς
795 1261 862 1333 ὑπὸ
885 1269 955 1334 τῶν
977 1271 1049 1351 AF,
1066 1267 1110 1331 ΓΒ

116 1374 177 1439 τοῦ
206 1370 259 1448 δὶς
286 1367 352 1437 ὑπὸ
382 1381 450 1438 τῶν
477 1379 563 1456 AA,
595 1377 661 1437 AB
689 1367 840 1458 ὑπερέχει
873 1373 980 1463 ῥητῷ,
1010 1365 1112 1439 καὶτὰ

117 1472 183 1543 ἀπὸ
207 1479 276 1544 τῶν
303 1484 386 1562 ΑΔ,
410 1484 477 1544 AB
506 1474 571 1565 ἄρα
598 1481 667 1545 τῶν
695 1474 760 1545 ἀπὸ
792 1480 860 1544 τῶν
883 1482 965 1562 AF,
990 1484 1048 1546 ΓΒ
1071 1473 1114 1544 ὑπ·

118 1584 222 1670 ερέχει
242 1584 330 1675 ῥητῷ
350 1584 434 1669 μέσα
454 1581 548 1650 ὄντα·
572 1581 654 1670 ὅπερ
673 1583 764 1652 ἐστίν
783 1580 965 1652 ἀδύνατον.
990 1583 1049 1653 οὐκ
1065 1581 1116 1670 έηι
1162 1668 1164 1677 Ι

119 1686 139 1776 ἡ
164 1689 269 1777 ῥητὸν
292 1690 347 1757 καὶ
371 1691 474 1776 μέσον
498 1691 669 1777 δυναμένη
693 1687 761 1756 κατ’
786 1688 868 1758 ἄλλο
892 1691 947 1758 καὶ
972 1688 1054 1759 ἄλλο
1074 1707 1117 1774 ση-
1162 1776 1164 1783 Ι

67 1820 101 1868 16
120 1809 216 1883 μεῖον
249 1802 435 1881 διαιρεῖται.
485 1794 568 1862 κατὰ
601 1798 638 1863 ἓν
670 1793 736 1882 ἄρα
773 1809 914 1883 σημεῖον
947 1802 1115 1886 διαιρείται“
1159 1816 1164 1847 ι

121 1901 202 1992 ὅπερ
227 1908 296 1971 ἔδει
320 1905 434 1983 δείξαι.

600 2008 658 2095 μί·

182 2129 227 2197 Ἡ
253 2131 325 2199 δύο
358 2132 455 2217 μέσα
489 2133 689 2219 δυναμένη
722 2128 805 2199 καθ’
841 2134 882 2199 ἓν
915 2132 1042 2218 μόνον
1071 2149 1122 2214 ση-

121 2250 234 2322 μεῖον
258 2241 484 2322 διαιρεῖται.

69 2365 104 2415 20
181 2341 297 2410 Ἔστω
323 2341 401 2426 [δύο
421 2344 504 2429 μέσα
524 2344 708 2430 δυναμένη]
728 2341 748 2429 ἡ
768 2351 834 2411 AB
854 2347 1041 2433 διηρημένη
1058 2339 1129 2412 κατὰ

121 2447 158 2518 τὸ
182 2453 222 2536 Γ,
247 2448 332 2517 ὥστε
355 2446 414 2528 τὰς
436 2455 515 2533 AF,
538 2452 600 2516 ΓΒ
625 2451 766 2535 δυνάμει
794 2447 1028 2535 ἀσυμμέτρους
1054 2449 1131 2519 εἶναι

121 2557 283 2637 ποιούσας
305 2554 343 2623 τό
368 2580 403 2622 τε
425 2561 645 2641 συγκείμενον
670 2557 705 2622 ἐκ
728 2558 796 2623 τῶν
815 2553 879 2621 ιἰπὸ
904 2560 974 2624 τῶν
987 2564 1064 2644 AF,
1080 2561 1131 2625 ΓΒ

122 2665 225 2748 μέσον
248 2663 304 2730 καί
328 2659 366 2729 τὸ
390 2659 456 2729 ὑπὸ
480 2665 547 2728 τῶν
571 2667 650 2747 AF,
674 2667 735 2729 ΓΒ
759 2661 861 2747 μέσον
884 2662 940 2728 καὶ
965 2667 1014 2731 ἔτι
1038 2660 1134 2750 ἀσύμ-

122 2794 244 2853 μετρον
267 2771 312 2857 τῷ
340 2768 543 2857 συγκειμένῳ
572 2768 607 2834 έκ
636 2771 704 2835 τῶν
727 2764 780 2834 ἀπ’
806 2763 927 2835 αὐτῶν.
964 2770 1067 2857 λέγω,
1090 2769 1136 2838 ὅτι

70 2870 144 2957 2σὴ
173 2880 238 2940 AB
266 2869 333 2938 κατ’
365 2871 448 2940 ἄλλο
479 2885 618 2960 σημεῖον
646 2869 687 2941 οὐ
715 2877 892 2959 διαιρεῖται
924 2881 1072 2944 ποιοῦσα
1102 2873 1137 2942 τὰ

123 2985 332 3067 προκείμενα.

196 3164 219 3210 2.
243 3157 309 3231 FB]
329 3156 475 3213 inrasmV
531 3152 621 3243 δέ]δ’
637 3155 660 3208 Β
662 3158 867 3244 ,συγκείμενον
883 3153 1035 3215 guam.
1090 3157 1139 3230 δίς]

127 3243 180 3283 om
202 3227 300 3282 Theon
321 3226 455 3296 (BFVb)
528 3223 599 3298 υπό]
619 3244 689 3283 corr.
709 3244 743 3282 ex
760 3223 818 3283 από
837 3230 871 3284 V
945 3236 969 3286 3.
989 3229 1060 3286 Post
1072 3229 1139 3299 λέγω

126 3298 343 3352 ras.1litt.F
403 3302 453 3352 AB
472 3293 628 3354 ευδεϊαδί.
683 3305 708 3352 4.
728 3299 845 3387 nal]
814 3317 868 3354 om
886 3299 941 3367 Bb,
961 3303 1063 3392 postea
1080 3300 1140 3356 add.

126 3369 188 3425 FV.
262 3373 286 3422 ὅ.
311 3369 376 3441 καί]
403 3385 556 3439 suprascr.
575 3370 609 3423 V.
683 3376 707 3424 6.
731 3389 788 3424 απο
808 3372 917 3425 τῶν-
934 3343 962 3425 V.
986 3368 1122 3444 ρητόν]
1113 3389 1141 3424 m

126 3456 179 3494 rae.
199 3459 235 3494 m.
258 3439 321 3494 lF
396 3441 589 3511 6.,ΔΒ]ΔΒ
606 3440 703 3496 KZb.
766 3441 843 3498 ’1.έδ
875 3437 904 3496 δ
925 3441 1007 3510 BFb
1027 3443 1140 3511 δὲσνγ·

126 3512 258 3582 κείμενον
278 3507 311 3566 έν
330 3512 388 3566 τῶν
405 3511 438 3569 V.
494 3512 550 3583 δις]
570 3528 623 3566 om.
643 3511 742 3566 Theon
760 3511 820 3581 (BF
855 3515 894 3582 b).
960 3519 1001 3569 10.
1021 3513 1069 3586 δέ]
1087 3529 1140 3569 om.
