2378 3832
118 114 162 180 46
504 117 704 170 ΣΤΟΙΧΕΙΩΝ
723 112 750 169 ι’.

185 261 231 325 Εἰ
251 260 316 345 γὰρ
340 256 385 344 μή
405 257 496 326 ἐστιν
512 254 704 346 ἀσύμμετρα
721 256 762 325 τὺ
784 263 859 343 ΓΑ,
878 263 954 340 ΑΒ,
978 255 1134 344 μετρήσει

117 388 149 429 τι
174 359 287 447 [αὐτὰ]
312 365 463 450 μέγεθος.
514 370 687 450 μετρείτω,
718 367 750 431 εἰ
775 361 938 448 δυνατόν,
965 363 1022 428 καὶ
1048 366 1133 429 ἔστω

116 467 155 538 τὺ
179 477 220 537 A.
259 468 329 538 ἐπεὶ
353 461 417 537 οὖν
439 468 478 537 τὸ
501 477 535 536 A
557 467 598 536 τὰ
613 475 689 554 ΓΑ,
705 476 769 536 ΑΒ
786 482 908 556 μετρεῖ,
931 468 987 536 καὶ
1011 464 1131 536 λοιπὸν

118 572 184 661 ἄρα
211 573 249 644 τὸ
272 581 338 644 ΒΓ
357 575 521 662 μετρήσει.
571 588 685 661 μετρεῖ
711 574 748 643 δὲ
774 575 830 643 καὶ
858 575 896 643 τὸ
925 581 1002 642 AB·
1036 572 1074 643 τὸ
1099 583 1132 641 A

81 707 97 758 5
115 678 182 767 ἄρα
196 685 236 748 τὰ
252 689 329 768 ΑΒ,
344 687 413 749 ΒΓ
421 694 540 768 μετρεῖ.
564 679 734 768 σύμμετρα
748 678 814 769 ἄρα
829 681 898 749 ἐστὶ
913 679 952 748 τὰ
968 689 999 747 Α
1005 687 1044 765 Β,
1055 685 1130 748 ΒΓ·

115 784 289 855 ὑπέκειντο
319 786 356 855 ὑλ
382 786 438 853 καὶ
467 784 672 874 ἀσύμμετρα·
714 786 794 873 ὅπερ
828 786 918 854 ἐστὶν
948 783 1131 854 ἀδύνατον.

116 888 178 960 οὑκ
200 890 266 980 ἄρα
288 890 328 958 τὰ
355 897 430 977 ΓΑ,
449 898 514 958 ΑΒ
534 891 687 980 μετρήσει
710 917 742 959 τι
760 893 914 978 μέγεθος
938 888 1132 980 ἀσύμμετρα

115 997 181 1087 ἄρα
209 998 278 1067 ἐστὶ
305 1025 345 1065 τα
370 1002 446 1083 ΓΑ,
469 1006 544 1067 ΑΒ.
582 998 706 1086 ὁμοίως
733 997 774 1086 δὴ
804 1001 971 1085 δείξομεν,
1002 996 1052 1065 ὅτι
1074 998 1131 1065 καλ

113 1102 153 1170 τὰ
183 1108 257 1188 ΑΓ,
282 1109 343 1171 ΓΒ
371 1100 562 1193 ἀσύμμετροί
590 1107 691 1173 ἐστιν.
736 1103 775 1173 τὸ
803 1110 871 1173 ΑΓ
890 1104 956 1189 ἄρα
986 1104 1129 1196 ἑκατέρω

62 1237 95 1288 10
113 1213 181 1276 τῶν
205 1215 281 1294 ΑΒ,
299 1215 367 1277 ΒΓ
385 1207 597 1299 ἀσύμμετρόν
620 1212 719 1280 ἐστιν.

178 1311 275 1388 Ἀλλὺ
290 1313 332 1401 δή
351 1313 389 1384 τὸ
403 1327 435 1384 Α
441 1322 473 1384 Γ
487 1317 538 1385 ἑνὶ
556 1322 625 1386 των
639 1325 715 1403 ΑΒ,
730 1323 796 1386 ΒΓ
804 1316 1018 1404 ἀσύμμετρον
1037 1320 1129 1384 ἔστω.

69 1494 73 1500 ,
114 1425 198 1489 ἔστω
223 1420 265 1508 δή
289 1421 453 1511 πρότερον
476 1428 521 1514 τῷ
545 1432 625 1492 AB·
651 1426 747 1511 λέγω,
772 1422 822 1492 ὅτι
840 1421 952 1490 καὶτὰ
971 1429 1048 1506 ΑΒ,
1071 1427 1135 1489 ΒΓ

112 1525 305 1616 ἀσύμμετρά
336 1531 435 1598 ἐστιν.
491 1534 523 1597 εἰ
547 1533 612 1620 γὰρ
640 1535 731 1598 ἔσται
760 1529 945 1618 σύμμετρα,
974 1528 1128 1617 μετρήσει

111 1661 143 1700 τι
173 1631 258 1703 αὐτὰ
285 1636 436 1723 μέγεθος.
486 1643 659 1726 μετρείτω,
691 1637 747 1705 καλ
778 1642 860 1705 ἔστω
890 1635 928 1704 τὸ
957 1643 999 1702 A.
1057 1634 1126 1702 ἐπεὶ

60 1767 94 1817 15
114 1732 176 1808 οὖν
200 1739 237 1810 τὸ
261 1749 294 1808 A
315 1741 356 1810 τὰ
380 1749 457 1829 ΑΒ,
477 1748 543 1810 ΒΓ
561 1757 687 1831 μετρεῖ,
720 1746 774 1811 κοιλ
805 1742 886 1810 ὅλον
913 1738 1039 1826 ἄρατὸ
1064 1745 1134 1808 ΑΓ

110 1847 273 1934 μετρήσει.
306 1862 419 1935 μετρεῖ
436 1848 474 1917 δὲ
491 1848 600 1917 καὶτὸ
615 1858 694 1917 ΑΒ·
730 1849 767 1916 τὸ
784 1857 816 1914 A
831 1846 897 1931 ἄρα
915 1844 955 1910 τὰ
972 1848 1046 1927 ΓΑ,
1064 1853 1127 1913 ΑΒ

110 1966 229 2040 μετρεῖ.
259 1953 429 2041 σύμμετρα
444 1953 510 2041 ἄρα
521 1954 588 2022 ἐστὶ
600 1953 640 2021 τὰ
656 1959 729 2040 ΓΑ,
742 1959 822 2020 AB·
851 1949 1003 2018 ὑπέκειτο
1020 1947 1056 2016 δὲ
1071 1950 1127 2017 καλ

110 2054 315 2144 ἀσύμμετρα·
344 2057 424 2147 ὅπερ
444 2060 535 2126 ἐστὶν
551 2057 730 2128 ἀδύνατον.
764 2059 825 2125 οὑκ
843 2055 908 2144 ἄρα
926 2054 1132 2140 τὰΑΒ,ΒΓ

109 2162 263 2250 μετρήσει
282 2190 313 2231 τι
337 2165 492 2251 μέγεθος·
516 2161 710 2250 ἀσύμμετρα
734 2161 798 2250 ἄρα
823 2163 892 2232 ἐστὶ
911 2162 950 2230 τὰ
964 2170 1040 2247 ΑΒ,
1056 2167 1126 2229 ΒΓ.

56 2297 90 2348 20
173 2266 252 2336 ’Βὺν
276 2268 342 2358 ἄρα
365 2269 429 2338 δύο
453 2271 594 2357 μεγέθη,
618 2270 674 2336 καὶ
698 2268 738 2336 τὰ
763 2272 845 2357 ἑξής.

513 2449 664 2533 Λήμμα.

173 2565 253 2639 Ἐὰν
285 2569 374 2658 παρα
403 2595 480 2638 τινα
510 2567 648 2638 εὐθεῖαν
680 2575 883 2661 παραβληθῇ
914 2569 1122 2657 παραλληλό-

108 2701 262 2766 γραμμον
295 2678 449 2745 ἐλλεῖπον
483 2679 565 2744 εῖδει
594 2677 806 2770 τετραγώνῳ,
838 2677 876 2746 τὸ
905 2676 1123 2764 παραβληθὲν

179 2896 202 2944 1.
226 2890 274 2964 τοί]
293 2886 326 2945 τό
345 2889 375 2944 Ρ.
449 2896 474 2944 2.
497 2885 583 2962 αὑτά]
610 2908 665 2945 οιιι.
685 2892 714 2947 P.
787 2896 812 2944 4.
838 2890 901 2960 AB]
923 2895 970 2944 BA
988 2890 1021 2946 V.
1096 2895 1121 2945 5.

106 2956 181 3016 ἐστίν
199 2960 257 3016 ΙιΡ.
331 2966 355 3017 6.
380 2957 547 3016 ὑπόκεινται
570 2961 654 3017 LBb.
728 2957 874 3017 ἀδύνατόν
895 2958 969 3018 ἐστιν
989 2961 1022 3016 V.
1096 2966 1121 3016 8.

106 3027 181 3087 ἐστίν
200 3030 255 3084 LP.
322 3038 345 3087 9.
365 3033 438 3086 Ante
457 3037 512 3086 ΑΓ
528 3033 582 3088 del.
603 3035 630 3086 Γ
645 3051 681 3087 m.
703 3038 716 3086 1
738 3031 767 3089 P.
837 3027 980 3101 σύμμετρα
1000 3032 1031 3101 Β,
1050 3048 1121 3086 corr.

104 3120 141 3159 m.
161 3107 186 3158 2.
242 3098 300 3159 ἐστι
318 3101 352 3172 V,
372 3119 461 3174 comp.
480 3104 534 3159 Fb.
591 3103 691 3159 ΓΑΒ.
749 3109 790 3160 10.
811 3098 901 3226 ἒσταή
920 3118 973 3158 om.
991 3104 1021 3158 B.
1079 3107 1120 3158 11.

105 3169 173 3228 ἔστω
202 3191 255 3230 om.
267 3175 296 3228 P.
353 3180 394 3230 12.
410 3169 686 3245 ἔστωᾶ“πρότερον]
701 3174 869 3244 καλπρῶτον
903 3172 1121 3242 heonfflFVb).

139 3245 177 3316 τῷ
211 3261 315 3302 οοοτι.
335 3244 368 3301 V.
443 3252 484 3300 13.
504 3195 674 3371 ὑσταιήέστι
693 3244 726 3298 V.
788 3240 930 3315 σύμμετρα
964 3260 1120 3314 suprascr.

103 3311 136 3370 ιλ·
154 3333 192 3371 m.
214 3317 273 3371 lF.
330 3322 371 3372 Ιῖ.
391 3311 465 3387 ἐστί]
487 3311 562 3370 ἐστίν
605 3316 766 3386 ‚comp.F‚
788 3314 868 3371 ἔσται·
884 3316 935 3370 LB
973 3316 999 3370 b.
1050 3312 1120 3370 ὑπέ-

102 3404 198 3444 κειντο
216 3386 247 3443 Β.
321 3393 362 3443 19.
387 3382 463 3442 ἐστίν
486 3385 543 3441 LP.
616 3389 684 3442 Post
706 3391 762 3441 ΒΓ
778 3388 842 3442 add.
866 3384 972 3457 ὁμοίως
992 3381 1026 3455 δή
1047 3389 1121 3456 δειχ-

89 3454 223 3527 θήσεται,
243 3453 290 3512 ὅτι
310 3454 342 3512 τὸ
360 3461 421 3512 AI'
434 3456 483 3512 καλ
501 3458 589 3533 λοιπῷ
610 3458 647 3534 τῷ
668 3462 722 3513 ΒΓ
738 3454 916 3530 ἀσύμμετρόν
937 3452 1012 3512 ἔστιν
1032 3456 1116 3513 FVb.
