2378 3832
107 168 173 233 272
493 167 696 221 ΣΤΟΙΧΕΙΩΝ
714 163 741 221 ι’.

109 308 129 396 ή
154 317 229 378 ΖΗ.
275 309 331 376 καὶ
354 310 424 378 ἐπεὶ
448 306 466 378 6
491 317 523 377 Ε
550 311 634 397 πρὸς
656 309 717 377 τὸν
740 315 807 377 ΒΓ
829 307 936 395 λόγον
962 308 1024 376 οὐκ
1048 313 1126 395 ἔχει,

109 413 151 484 ὃν
182 415 390 502 τετράγωνος
422 413 569 504 ἀριθμὸς
601 414 686 501 πρὸς
717 415 929 502 τετράγωνον
963 411 1125 501 ἀριθμόν,

111 518 185 590 οὐδ’
211 519 278 605 ἄρα
304 524 343 589 τὸ
367 519 433 589 ἀπὸ
456 526 516 608 τῆς
538 530 570 589 A
593 525 677 608 πρὸς
699 520 736 589 τὸ
759 518 826 589 ἀπὸ
848 524 908 608 τῆς
930 526 1003 587 ΖΗ
1023 519 1127 606 λόγον

111 633 188 714 ἔχει,
204 625 246 696 ὃν
260 626 467 714 τετράγωνος
481 624 628 716 ἀριθμὸς
640 626 723 717 πρὸς
736 627 948 713 τετράγωνον
962 625 1126 716 ἀριθμόν·

75 730 321 821 ιᾶσύμμειρος
339 732 406 818 ἅμα
424 734 514 801 ἐστὶν
533 731 553 820 ή
575 743 606 800 A
627 738 668 822 τῇ
689 739 760 801 ΖΗ
778 732 885 820 μήκει.
920 733 1035 821 πάλιν,
1059 737 1130 802 ἐπεί

111 843 201 907 ἐστιν
226 837 270 918 ὡς
293 836 312 906 6
331 844 398 907 ΒΓ
416 843 499 924 πρὸς
520 839 582 907 τὸν
600 845 673 926 ΓΛ,
698 837 805 920 οὕτως
827 838 865 908 τὸ
888 839 954 909 ἀπὸ
978 845 1039 927 τῆς
1062 847 1131 908 ΖΗ

111 947 195 1036 πρὸς
218 945 255 1014 τὸ
279 943 344 1013 ἀπὸ
367 950 427 1032 τῆς
444 953 523 1032 ΗΘ,
546 946 736 1035 σύμμετρον
756 946 822 1034 ἄρα
839 945 877 1014 τὸ
896 945 963 1015 ἀπὸ
982 951 1043 1034 τῆς
1063 953 1128 1015 ΖΗ

111 1058 156 1143 τῷ
181 1050 245 1121 ιἰιιὸ
267 1056 326 1138 τῆς
349 1059 425 1121 ΗΘ.
471 1052 576 1140 ῥητὸν
599 1053 636 1120 δὲ
664 1052 701 1121 τὸ
730 1051 795 1122 ἀπὸ
823 1057 880 1140 τής
904 1061 988 1121 ΖΗ·
1025 1057 1127 1142 ῥήιὸν

112 1157 178 1243 ἅμα
200 1160 256 1226 καὶ
278 1159 317 1227 τὸ
341 1157 406 1228 ιἰιιὸ
429 1164 487 1247 τῆς
510 1166 591 1228 ΗΘ·
628 1159 710 1248 ῥητή
738 1158 804 1249 ἄρα
826 1161 882 1228 καὶ
904 1157 926 1247 ή
949 1166 1028 1230 ΗΘ.
1072 1162 1129 1228 καὶ

60 1290 93 1338 10
113 1265 183 1333 ἐπεὶ
202 1266 221 1334 6
239 1272 306 1335 ΒΓ
318 1264 402 1352 πρὸς
420 1264 481 1334 τὸν
495 1273 528 1334 Γ
524 1275 557 1334 A
574 1268 678 1353 λόγον
694 1264 756 1334 οὐκ
771 1272 847 1354 ἔχει,
866 1263 908 1334 ὃν
920 1265 1130 1356 τετράγωνος

112 1368 259 1456 ἀριθμὸς
280 1369 363 1459 πρὸς
385 1372 596 1461 τετράγωνον
618 1371 785 1459 ἀριθμόν,
815 1369 890 1440 οὐδ’
911 1371 979 1462 ἄρα
1001 1372 1042 1441 τὸ
1064 1371 1130 1442 ἀπὸ

112 1479 171 1562 τῆς
198 1483 266 1544 ΖΗ
288 1476 370 1566 πρὸς
391 1478 429 1546 τὸ
453 1475 518 1546 ἀπὸ
541 1483 600 1565 τῆς
622 1486 691 1546 ΗΘ
714 1477 816 1565 λόγον
839 1484 921 1566 ἔχει,
951 1477 992 1547 ὃν
1016 1480 1131 1570 τετρά-

113 1609 223 1669 γωνος
241 1581 389 1671 ἀριθμὸς
406 1585 491 1673 πρὸς
503 1583 714 1673 τετράγωνον
728 1585 892 1672 ἀριθμόν·
920 1583 1132 1677 ἀσύμμετρος

113 1688 180 1776 ἄρα
203 1691 294 1758 ἐστὶν
317 1689 338 1778 ή
362 1698 434 1759 ΖΗ
452 1696 491 1780 τῇ
515 1699 584 1759 ΗΘ
606 1691 711 1778 μήκει.
756 1698 815 1759 καί
836 1696 922 1761 εἰσιν
943 1690 1130 1780 ἀμφότεραι

63 1820 96 1868 15
115 1798 224 1882 ῥηταί·
249 1800 287 1864 αἱ
299 1804 377 1883 ΖΗ,
392 1805 460 1865 ΗΘ
479 1797 543 1885 ἄρα
562 1801 663 1886 ῥηταί
678 1803 743 1866 εἰσι
761 1798 902 1887 δυνάμει
921 1798 1029 1887 μόνον
1048 1800 1130 1889 σύμ

114 1926 239 1988 μειροι
268 1904 289 1990 ή
313 1902 380 1992 ἄρα
403 1911 468 1972 ΖΘ
490 1901 641 1990 ἀποτομή
665 1904 764 1974 ἔστιν.

183 2011 277 2095 Λέγω
302 2009 357 2096 δή,
380 2011 431 2078 ὅτι
453 2011 509 2078 καὶ
532 2012 618 2097 ἕκτη.

178 2112 267 2183 Ἐπεὶ
291 2115 355 2201 γάρ
379 2118 470 2185 ἐστιν
493 2117 539 2198 ὡς
561 2117 623 2205 μὲν
646 2117 664 2185 6
688 2125 720 2184 E
740 2120 824 2202 πρὸς
846 2117 907 2186 τὸν
926 2124 999 2205 ΒΓ,
1025 2117 1132 2201 οὕτως

115 2217 152 2286 τὸ
172 2217 238 2288 ιἰπὸ
261 2225 321 2307 τῆς
344 2233 374 2288 Α
403 2221 487 2310 πρὸς
513 2221 550 2290 τὸ
580 2221 645 2291 ἀπὸ
673 2227 732 2310 τής
759 2231 840 2310 ΖΗ,
875 2223 920 2304 ὡς
952 2224 990 2291 66
1023 2223 1041 2293 6
1070 2231 1136 2294 ΒΓ

63 2349 98 2398 20
117 2324 200 2413 πρὸς
218 2324 280 2393 τὸν
297 2332 369 2414 ΓΔ,
393 2324 498 2408 οὕτως
519 2328 557 2395 τὸ
577 2326 642 2397 ἆιιὸ
663 2334 721 2416 τῆς
740 2336 811 2397 ΖΗ
829 2328 913 2417 πρὸς
930 2330 968 2399 τὸ
986 2329 1053 2399 ἀπὸ
1074 2336 1132 2419 τῆς

116 2438 194 2517 ΗΘ,
219 2429 266 2499 δι’
283 2441 360 2502 ἴσου
378 2431 444 2522 ἄρα
467 2434 558 2503 ἐστὶν
582 2432 627 2516 ὡς
650 2434 668 2504 6
692 2443 724 2504 E
744 2435 827 2523 πρὸς
849 2436 909 2506 τὸν
928 2443 1001 2523 ΓΛ,
1026 2435 1134 2518 οὕτως

115 2540 152 2606 τὸ
180 2535 246 2607 ἆιιὸ
275 2543 333 2627 τῆς
361 2550 393 2609 A
420 2542 503 2629 πρὸς
528 2540 567 2609 τὸ
596 2538 662 2610 ἀπὸ
690 2546 749 2629 τής
770 2549 845 2611 ΗΘ.
892 2540 910 2610 6
935 2543 973 2611 δὲ
996 2552 1028 2611 E
1048 2544 1135 2631 πρὸς

115 2644 176 2714 τὸν
199 2652 262 2714 ΓΛ
285 2648 388 2734 λόγον
411 2646 474 2715 οὐκ
497 2651 575 2734 ἔχει,
599 2644 641 2715 ὃν
658 2646 866 2736 τετράγωνος
884 2645 1031 2737 ἀριθμὸς
1047 2650 1134 2738 πρὸς

115 2752 327 2839 τετράγωνον
354 2752 517 2841 ἀριθμόν·
555 2751 630 2822 οὐδ’
656 2752 722 2842 ἄρα
749 2752 787 2822 τὸ
816 2753 880 2822 ἀπὸ
909 2759 967 2841 τῆς
989 2764 1022 2823 A
1049 2753 1134 2843 πρὸς

64 2878 99 2928 25
117 2855 155 2925 τὸ
177 2855 243 2925 ἀπὸ
271 2869 329 2944 τῆς
356 2866 425 2927 ΗΘ
447 2858 550 2944 λόγον
574 2865 655 2946 ἔχει,
688 2857 729 2928 ὃν
755 2860 963 2948 τετράγωνος
985 2858 1135 2951 ἀριθμὸς

116 2960 200 3052 πρὸς
226 2964 437 3053 τετράγωνον
466 2962 628 3053 ἀριθμόν·
665 2964 876 3056 ἀσύμμετρος
902 2967 967 3057 ἄρα
995 2969 1088 3037 ἐστὶν
1111 2966 1133 3057 ή

120 3079 150 3137 Α
172 3079 212 3158 τῇ
235 3077 304 3137 ΗΘ
331 3069 441 3157 μήκει·
471 3068 630 3160 οὐδετέρα
658 3070 725 3160 ἄρα
752 3077 821 3140 τῶν
851 3080 932 3159 ΖΗ,
956 3080 1024 3142 ΗΘ
1051 3075 1134 3162 σύμ·

117 3176 236 3263 μετρός
263 3178 332 3243 ἐστι
363 3180 404 3263 τῇ
432 3186 465 3244 A
496 3179 579 3266 ῥητή
612 3177 717 3264 μήκει.
763 3170 790 3272 ᾦ
819 3171 883 3248 οὖν
920 3180 1032 3266 μεῖζόν
1064 3185 1133 3249 ἐστι

138 3439 150 3453 .
191 3374 214 3424 1.
236 3373 290 3424 ΗΖ
307 3369 338 3457 ξ.
412 3376 436 3425 3.
456 3366 601 3457 οιῦδέᾛι.
676 3378 700 3428 ὅ.
717 3369 782 3460 ἔστί
797 3375 831 3430 V.
895 3375 1020 3446 Α]Κφ.
1087 3376 1132 3500 ee)

114 3458 167 3510 mc
181 3439 212 3496 F.
269 3444 405 3512 6.ηΒΓ
420 3461 491 3511 προς
508 3462 560 3512 τήν
579 3444 608 3498 B.
667 3450 691 3499 7.
710 3465 766 3513 apa
782 3442 844 3500 ἐστί
859 3445 891 3500 V.
950 3452 989 3500 11.
1011 3443 1081 3502 ου’δέ
1125 3488 1131 3501 .

140 3516 185 3570 1⁶.
207 3508 368 3590 σύμμετροι
386 3510 478 3590 μόνον
497 3514 534 3573 V.
589 3510 976 3583 16.ssouss¹1,m.6xs.
1026 3515 1135 3586 &wtss
