2378 3832
178 411 326 501 Εὑρεῖν
361 416 433 483 δύο
466 416 587 502 μέσας
614 416 783 504 δυνάμει
816 414 943 503 μόνον
980 418 1125 504 συμμέ-

110 545 228 607 τρους
258 522 380 608 μέσον
412 522 689 610 περιεχούσας,
722 521 822 592 ὥστε
854 520 926 609 τὴν
963 528 1126 609 μείζονα

110 629 177 713 τῆς
205 627 421 707 ἐλάσσονος
451 634 585 715 μεῖζον
616 627 818 696 δύνασθαι
847 632 896 719 τῷ
926 625 1002 697 άπὸ
1033 650 1125 717 συμ-

76 735 257 818 5μέτρου
282 736 408 823 ἑαυτῇ.

175 839 424 908 Ἐκκείσθωσαν
438 855 526 927 τρεῖς
541 841 638 929 ῥηταὶ
658 842 799 929 δυνάμει
819 847 926 929 μόνον
945 841 1127 929 σύμμετροι

110 950 148 1013 αἱ
168 955 211 1033 A,
232 955 273 1034 B,
294 952 337 1033 Γ,
361 944 446 1014 ὥστε
468 944 530 1033 τὴν
556 959 586 1016 Α
609 952 667 1034 τῆς
689 954 722 1016 Γ
740 954 853 1036 μεῖζον
882 946 1055 1016 δύνασθαι
1082 953 1126 1041 τῷ

110 1049 175 1120 ἀπὸ
195 1055 385 1140 συμμέτρου
402 1054 514 1141 ἑαυτῇ,
538 1055 593 1121 καὶ
616 1058 662 1147 τῷ
686 1053 747 1141 μὲν
767 1051 834 1122 ὑπὸ
854 1064 923 1122 τῶν
941 1063 983 1140 Α,
1004 1061 1032 1121 Β
1052 1064 1127 1122 ἴσον

110 1163 193 1225 ἔστω
217 1157 254 1225 τὸ
282 1156 347 1226 άπὸ
372 1163 430 1246 τῆς
454 1167 496 1226 A.
542 1162 646 1246 μέσον
669 1158 735 1245 άρα
758 1160 796 1229 τὸ
822 1157 886 1227 άπὸ
911 1164 969 1246 τῆς
993 1170 1040 1227 Δ·
1072 1160 1126 1229 καὶ

60 1291 93 1341 10
113 1260 133 1350 ἡ
154 1271 188 1330 A
207 1262 271 1351 άρα
295 1267 377 1352 μέση
402 1267 501 1334 ἐστίν.
536 1277 581 1358 τῷ
606 1266 644 1334 δέ
668 1264 735 1334 ὑπὸ
755 1271 822 1335 τῶν
841 1274 881 1352 Β,
898 1272 931 1334 Γ
945 1274 1022 1334 ἴσον
1044 1271 1126 1334 ἔστω

109 1368 146 1436 τὸ
173 1367 238 1438 ὑπὸ
261 1375 329 1438 των
354 1380 398 1458 A,
413 1378 451 1440 E.
496 1373 552 1439 καὶ
572 1374 645 1441 ἐπεί
661 1375 751 1441 ἐστιν
776 1371 821 1454 ὡς
843 1371 881 1441 τὸ
905 1371 971 1440 ὑπὸ
996 1376 1066 1440 τῶν
1083 1381 1125 1460 A,

110 1483 139 1542 Β
169 1476 253 1562 πρὸς
279 1476 316 1544 τὸ
345 1475 410 1545 ὑπὸ
434 1482 503 1545 τάν
526 1485 566 1563 Β,
585 1484 628 1565 Γ,
657 1477 763 1558 οὕτως
790 1476 810 1565 ἡ
835 1487 867 1546 A
892 1475 976 1564 πρὸς
1001 1479 1064 1564 τὴν
1088 1484 1126 1565 Γ,

110 1579 196 1649 άλλά
219 1586 265 1674 τῷ
289 1582 352 1670 μὲν
373 1581 439 1650 ὑπὸ
463 1587 531 1652 τῶν
555 1591 641 1669 Α,Β
665 1592 741 1652 ἴσον
758 1584 826 1652 ἐστὶ
850 1585 887 1652 τὸ
910 1582 975 1653 άπὸ
999 1588 1058 1672 τῆς
1082 1593 1125 1671 A,

109 1694 154 1781 τῷ
184 1689 222 1758 δὲ
249 1688 315 1759 ὑπὸ
344 1695 412 1758 τῶν
439 1698 480 1778 Β,
500 1697 531 1758 Γ
557 1699 632 1758 ἴσον
655 1690 692 1758 τὸ
718 1688 783 1759 ὑπὸ
807 1695 876 1759 τοῖν
900 1699 943 1776 A,
964 1699 1006 1779 Ε,
1034 1697 1124 1759 ἔστιν

58 1823 91 1872 15
111 1796 177 1885 άρα
201 1794 247 1877 οὖς
271 1795 292 1883 η
316 1805 348 1864 A
371 1799 455 1885 πρὸς
478 1796 540 1884 τὴν
563 1803 601 1882 Γ,
631 1796 736 1878 οὕτως
758 1795 795 1865 τὸ
820 1794 884 1864 άπὸ
907 1801 966 1880 τῆς
988 1807 1022 1864 A
1045 1799 1128 1887 πρὸς

109 1901 146 1969 τὸ
170 1901 236 1972 ὑπὸ
261 1909 329 1973 τάν
353 1914 398 1991 A,
412 1912 449 1972 E.
491 1902 535 1983 ὡς
558 1903 595 1972 δὲ
617 1903 655 1972 τὸ
679 1902 745 1972 άπὸ
770 1908 828 1990 τῆς
847 1913 880 1971 A
898 1905 982 1988 πρὸς
1005 1908 1042 1972 τὸ
1060 1902 1126 1973 ὑπὸ

109 2013 178 2077 τῶν
201 2019 245 2096 Δ,
264 2018 309 2097 Ε,
333 2011 440 2090 οὕτως
462 2007 482 2097 ἡ
509 2019 542 2077 A
564 2008 646 2097 πρὸς
664 2013 726 2098 την
743 2017 785 2077 Ε·
812 2009 868 2077 καὶ
892 2006 937 2089 άς
960 2008 1026 2098 άρα
1050 2007 1071 2098 ἡ
1095 2019 1126 2079 A

109 2114 193 2202 πρὸς
215 2115 277 2201 τὴν
301 2123 339 2200 Γ,
369 2114 474 2195 οὕτως
497 2114 518 2202 ἡ
543 2125 575 2181 A
598 2119 682 2203 πρὸς
709 2115 774 2203 τὴν.
794 2125 832 2184 Ε.
878 2115 1065 2204 σύμμετρος
1089 2117 1127 2186 δὲ

110 2218 130 2306 ἡ
154 2229 186 2288 A
208 2225 248 2309 τῇ
272 2228 304 2290 Γ
323 2222 465 2308 δυνάμει
492 2220 635 2308 [μάνον].
682 2225 868 2311 σύμμετρος
891 2221 958 2311 άρα
975 2222 1074 2311 καὶὴ
1094 2232 1126 2291 A

56 2354 91 2402 20
109 2330 149 2416 τῇ
178 2335 210 2394 Ε
236 2326 377 2414 δυνάμει
406 2327 522 2415 μόνον.
569 2330 651 2415 μέση
680 2328 718 2397 δὲ
740 2327 761 2416 ἡ
786 2339 832 2396 Δ·
869 2331 951 2417 μέση
981 2329 1048 2419 άρα
1070 2328 1126 2398 καὶ

111 2431 131 2520 ἡ
159 2441 193 2502 Ε.
238 2434 294 2502 καὶ
323 2437 395 2502 ἐπεί
420 2436 510 2501 ἐστιν
534 2430 578 2513 ὡς
601 2432 622 2520 ἡ
641 2442 674 2501 A
692 2434 776 2522 πρὸς
798 2438 861 2522 τὴν
884 2441 926 2521 Γ,
950 2433 971 2521 ἡ
992 2444 1026 2502 Δ
1043 2435 1127 2525 πρὸς

110 2542 171 2627 τὴν
194 2548 234 2626 Ε,
258 2537 279 2627 ἡ
303 2539 341 2608 δὲ
363 2548 396 2607 A
417 2543 476 2626 τῆς
499 2545 531 2607 Γ
549 2546 661 2626 μεῖζον
685 2540 826 2608 δύναται
850 2543 895 2633 τῷ
920 2538 984 2610 άπὸ
1003 2544 1125 2630 συμμέ-

109 2672 194 2731 τρου
217 2648 328 2735 ἑαυτῇ,
351 2647 406 2713 καὶ
429 2643 449 2731 ἡ
471 2655 504 2713 A
523 2643 588 2733 άρα
611 2650 670 2732 τῆς
692 2655 724 2714 Ε
744 2653 856 2734 μεῖζον
880 2647 1061 2734 δυνήσεται
1079 2652 1125 2739 τῷ

110 2750 175 2820 άπὸ
201 2753 391 2839 συμμέτρου
415 2753 524 2840 ἑαυτῇ.
570 2753 654 2838 λέγω
680 2753 739 2837 δή,
768 2749 818 2820 ὅτι
846 2753 901 2819 καὶ
929 2755 1033 2841 μέσον
1057 2754 1125 2823 ἐστὶ

56 2880 91 2931 25
109 2860 148 2925 τὸ
175 2855 240 2925 ὑπὸ
268 2861 336 2925 τῶν
364 2867 408 2944 Δ,
432 2866 471 2926 Ε.
517 2857 586 2926 ἐπεὶ
609 2860 675 2945 γὰρ
704 2866 779 2925 ἴσον
809 2859 877 2927 ἐστὶ
905 2862 943 2927 τὸ
968 2857 1033 2928 ὑπὸ
1057 2864 1125 2928 τῶν

110 2970 151 3050 Β,
173 2970 205 3032 Γ
222 2967 269 3055 τῷ
293 2961 359 3033 ὑπὸ
383 2968 450 3032 τῶν
474 2974 517 3050 A,
539 2971 579 3048 Ε,
602 2965 705 3050 μέσον
730 2964 767 3032 δὲ
790 2967 827 3032 τὸ
851 2963 917 3033 ὑπὸ
941 2971 1009 3034 τῶν
1034 2974 1075 3053 Β,
1099 2972 1130 3034 Γ

181 3200 206 3250 4.
228 3189 374 3257 ἐλάττονος
392 3194 448 3250 FV.
521 3196 636 3264 μείζονα
655 3193 690 3262 L,
710 3196 739 3248 et
755 3193 792 3261 B,
813 3197 861 3250 sed
880 3213 949 3250 corr.
1022 3195 1127 3270 συμμέ-

107 3265 189 3336 τρου]
209 3261 481 3322 ά·α(1(1.ιο.εοο.ὶ).
538 3272 561 3320 ὅ.
582 3284 653 3333 αντη
673 3265 703 3319 L.
760 3272 783 3322 6.
805 3262 888 3335 ρἠταὶ
907 3265 940 3321 αἱ
955 3273 986 3337 A,
1002 3273 1034 3335 Β,
1050 3274 1077 3323 Γ
1092 3269 1125 3324 V.

146 3343 170 3393 7.
190 3332 382 3407 αῑΑ,Β,Γ]
403 3352 456 3392 om.
476 3337 514 3406 V,
538 3333 705 3403 atA,Bb.
787 3337 1126 3409 μείζοναΙι,οεΒ,εεᾶ

107 3420 179 3463 σοιν.
252 3413 277 3463 8.
297 3407 467 3479 συμμέτρου]
489 3404 521 3462 ά·
541 3408 603 3461 add.
622 3423 657 3460 m.
676 3424 730 3462 rec.
749 3407 777 3461 b.
850 3408 901 3482 τῷ]
924 3409 956 3463 τό
975 3411 1006 3465 L.
1083 3417 1127 3464 10.

104 3470 173 3533 lm
190 3478 219 3549 V,
240 3496 328 3550 comp.
347 3481 401 3535 Fb.
459 3485 500 3533 11.
519 3477 550 3533 τὸ
570 3471 626 3533 ὑπὸ
646 3478 703 3531 τῶν
722 3483 756 3546 A,
774 3479 811 3548 E]
831 3498 867 3535 m.
888 3487 902 3532 1
922 3482 949 3549 b,
969 3499 1125 3552 suprascr.
