2378 3832
104 166 169 230 268
490 165 692 218 ΣΤΟΙΧΕΙΩΝ
711 161 738 219 ι’.

105 307 292 397 σύμμετρος
314 311 354 396 πή
379 307 549 396 ἐκκειμένῃ
573 308 656 395 ῥητή
680 307 778 394 μήκει
800 309 840 394 τῇ
859 313 900 374 Α.
934 301 1041 393 ήᾶριι
1062 309 1129 372 ΒΓ

106 412 257 501 ἀποτομή
281 416 350 483 ἐστι
373 415 521 501 τετάρτη.

174 519 324 609 Εὕρηται
346 519 413 610 ἄρα
436 519 456 607 ή
475 519 614 608 τετάρτη
633 517 798 606 ἀποτομή·
822 516 902 607 ὅπερ
922 521 990 587 ἔδει
1010 519 1125 598 δεῖξαι.

578 749 652 818 πθ’.

72 899 88 949 ὁ
175 873 324 965 Εὑρεῖν
345 903 417 962 την
440 877 617 962 πέμπτην
641 872 856 962 ἀποτομήν.

176 980 356 1050 Ἐκκείσθω
385 981 466 1068 ῥητή
496 978 517 1069 ή
540 991 587 1067 A,
615 982 670 1048 καὶ
692 990 733 1068 τῇ
757 989 790 1047 Α
813 978 910 1067 μήκει
938 980 1121 1067 σύμμετρος

108 1094 191 1156 ἔστω
209 1084 326 1175 ήΓΗ·
349 1087 432 1176 ῥητή
448 1085 514 1177 ἄρα
530 1088 649 1172 [ἐστὶν]
669 1085 690 1174 ή
706 1092 781 1156 ΓΗ.
822 1087 878 1155 καὶ
896 1087 1124 1155 ἐκκείσθωσαν

108 1193 172 1263 δύο
191 1190 332 1282 ἀριθμοὶ
352 1197 388 1261 οἱ
402 1201 481 1280 ΔΖ,
496 1201 569 1280 ΖΕ,
593 1191 678 1262 ὥστε
695 1196 757 1262 τὸν
775 1201 846 1261 ΔΕ
861 1195 946 1281 πρὸς
968 1192 1126 1281 ἑκάτερον

107 1310 176 1369 τῶν
196 1307 278 1385 ΛΖ,
302 1305 367 1366 ΖΕ
392 1299 495 1384 λόγον
518 1300 619 1367 πάλιν
643 1298 686 1386 μή
712 1303 815 1386 ἔχειν,
845 1295 885 1367 ὃν
913 1298 1126 1385 τετράγωνος

56 1430 89 1479 10
108 1404 255 1493 ἀριθμὸς
283 1403 367 1493 πρὸς
393 1405 605 1494 τετράγωνον
638 1403 801 1493 ἀρνθμόν·
837 1405 893 1473 καὶ
926 1402 1127 1491 πεποιήσθω

109 1509 191 1591 ὦςὸ
215 1519 280 1579 ΖΕ
300 1510 382 1596 πρὸς
404 1511 465 1580 τὸν
488 1519 569 1597 ΕΔ,
592 1508 700 1590 οὕτως
722 1510 759 1579 τὸ
784 1509 850 1580 ἀπὸ
873 1522 932 1598 τής
950 1516 1023 1579 ΓΗ
1041 1509 1127 1596 πρὸς

107 1621 145 1686 τὸ
174 1616 240 1687 ἀπὸ
267 1622 325 1705 τής
352 1621 436 1699 ΗΒ,Ι
480 1620 582 1704 ῥητὸν
615 1616 682 1706 ἄρα
709 1619 765 1685 καὶ
792 1621 830 1686 τὸ
861 1614 926 1686 ἀπὸ
955 1622 1014 1704 τῆς
1042 1625 1126 1685 ΗΒ·

109 1725 192 1811 ῥητή
217 1723 281 1809 ἄρα
305 1726 373 1793 ἐστὶ
396 1726 452 1792 καὶ
476 1722 496 1812 ή
520 1731 597 1792 ΒΗ.
641 1725 698 1792 καὶ
727 1727 799 1792 ἐπεί
824 1725 915 1793 ἐστιν
943 1723 988 1804 ὥς
1012 1723 1030 1792 ὁ
1058 1732 1129 1792 ΔΕ

109 1830 192 1920 πρὸς
210 1830 271 1900 τὸν
292 1838 363 1915 ΕΖ,
387 1829 493 1911 οὕτως
511 1828 549 1899 τὸ
569 1828 634 1899 ἀπὸ
654 1841 712 1919 τῆς
730 1838 803 1899 ΒΗ
822 1830 906 1916 πρὸς
925 1829 963 1900 τὸ
982 1828 1048 1900 ιἰπὸ
1069 1835 1128 1918 τής

58 1961 91 2011 1⁶
110 1941 192 2022 ΗΓ,
222 1933 240 2004 ὁ
267 1936 304 2005 δὲ
327 1944 398 2004 ΛΕ
418 1934 501 2026 πρὸς
523 1936 584 2005 τὸν
606 1945 669 2005 ΕΖ
692 1936 796 2024 λόγον
821 1936 881 2005 οὐκ
909 1943 990 2024 ἔχει,
1020 1934 1062 2005 ὃν
1081 1964 1128 2005 τε·

110 2041 283 2127 τράγωνος
311 2042 457 2130 ἀριθμὸς
489 2041 573 2132 πρὸς
603 2043 815 2132 τετράγωνον
847 2043 1013 2131 ἀρνθμόν,
1049 2041 1125 2112 οὐδ’

110 2145 176 2232 ἄρα
198 2146 235 2215 τὸ
259 2146 326 2215 ἀπὸ
348 2153 408 2234 τῆς
426 2156 499 2217 ΒΗ
516 2148 600 2238 πρὸς
618 2148 656 2218 τὸ
677 2148 741 2220 ἀπὸ
761 2155 820 2236 τής
838 2155 910 2217 ΗΓ
928 2148 1032 2234 λόγον
1051 2155 1128 2236 ἔχει,

111 2250 152 2322 ὃν
183 2252 391 2341 τετράγωνος
422 2253 569 2344 ἀριθμὸς
601 2254 685 2344 πρὸς
715 2255 929 2344 τετράγωνον
961 2253 1127 2344 ἀριθμόν·

110 2356 321 2446 ἀσύμμετρος
339 2357 405 2448 ἄρα
428 2361 518 2429 ἐστὶν
541 2357 562 2447 ή
581 2367 655 2428 ΒΗ
673 2364 713 2449 τῇ
734 2366 804 2428 ΗΓ
823 2359 928 2447 μήκει.
965 2367 1025 2428 καί
1040 2366 1128 2430 εἰσιν

57 2490 92 2540 20
111 2462 297 2553 ἀμφότεραι
316 2467 425 2552 ῥηταί·
449 2470 486 2534 αἱ
502 2474 582 2551 ΒΗ,
601 2473 673 2536 ΗΓ
691 2466 757 2555 ἄρα
776 2469 877 2555 ῥηταί
896 2470 960 2534 εἰσι
985 2467 1128 2555 δυνάμει

111 2570 217 2658 μόνον
241 2570 436 2658 σύμμετροι·
465 2568 485 2658 ή
508 2577 576 2639 ΒΓ
595 2570 660 2660 ἄρα
684 2570 835 2658 ἀποτομή
858 2573 957 2640 ἐστιν.

177 2679 273 2764 Λέγω
299 2679 353 2764 δή,
377 2677 427 2746 ὅτι
450 2679 506 2747 καὶ
529 2680 665 2765 πέμπτη.

182 2777 236 2851 Ὧι
260 2782 325 2871 γὰρ
349 2783 461 2868 μεῖζόν
484 2788 553 2853 ἐστι
575 2787 613 2852 τὸ
638 2782 702 2853 ιἰπὸ
725 2789 785 2872 τής
807 2792 881 2852 ΒΗ
899 2788 960 2854 τοῦ
984 2783 1049 2855 ἀπὸ
1068 2791 1129 2873 τής

112 2896 192 2985 ΗΓ,
216 2894 299 2958 ἔστω
323 2887 361 2956 τὸ
385 2889 450 2958 ἀπὸ
479 2896 537 2978 τής
556 2898 593 2959 Θ.
639 2892 709 2959 ἐπεὶ
733 2883 795 2960 οὖν
819 2893 910 2960 ἐστιν
933 2888 978 2973 ὡς
999 2895 1038 2960 τὸ
1062 2891 1129 2960 ἀπὸ

58 3021 92 3071 25
111 2999 169 3082 τής
188 3002 260 3063 ΒΗ
279 2994 362 3083 πρὸς
384 2997 421 3064 τὸ
446 2995 511 3066 ἀπὸ
534 3001 593 3083 τῆς
610 3003 689 3083 ΗΓ,
713 2996 819 3077 οὕτως
838 2995 856 3066 ὁ
875 3005 945 3066 ΔΕ
966 2996 1049 3087 πρὸς
1067 2998 1130 3068 τὸν

186 3223 348 3297 1.ΒΓόι’ριι
362 3229 392 3282 Β,
445 3225 602 3285 ΖέστινΡ.
655 3223 1001 3300 3.ἡ]κιιὶήΕ,ήΒΓΒ.
1057 3226 1130 3301 ὅπερ

113 3297 174 3354 ἔδει
200 3299 303 3371 δεῖξαι]
333 3316 423 3369 comp.
443 3300 479 3367 P,
506 3319 559 3355 om.
579 3299 692 3356 BFVb.
767 3306 791 3354 7.
811 3296 900 3388 ἐστίν]
926 3317 980 3355 om.
1000 3300 1029 3353 P.
1102 3306 1130 3356 8.

112 3372 178 3442 ΖΕ]
199 3374 252 3424 ΕΖ
270 3372 299 3426 Γ.
356 3371 428 3442 ΔΕ]
450 3374 502 3424 ΑΒ
520 3372 549 3424 in
568 3389 622 3426 ras.
641 3372 674 3425 V.
735 3377 759 3425 9.
779 3371 847 3442 τῶν]
867 3390 917 3426 τον
936 3392 968 3440 φ.
1030 3367 1128 3442 πάλιν]

107 3458 161 3497 om.
180 3441 235 3497 Fb.
313 3448 354 3498 10.
376 3444 551 3498 πεποιείσθω
570 3443 601 3497 F.
676 3448 716 3496 11.
736 3439 797 3510 τόν]
822 3457 875 3496 om.
895 3444 926 3496 P.
1003 3449 1041 3498 12.
1062 3445 1131 3497 Post

90 3515 157 3566 AB
171 3514 241 3570 add.
264 3517 431 3589 σύμμετρον
452 3511 510 3588 ἄρα
532 3510 591 3572 ἐστὶ
610 3510 642 3570 τὸ
662 3509 720 3570 ἀπὶ)
738 3513 790 3583 τῆς
804 3517 859 3566 ΗΓ
878 3512 998 3581 &HQ
1015 3515 1055 3584 τῷ
1071 3508 1130 3567 ἀπὸ
