2378 3832
107 107 171 171 292
492 108 693 160 ΣΤΟΙΧΕΙΩΝ
712 107 739 162 ι’.

582 249 646 318 (θ’.

172 371 258 440 Ἐἀν
276 377 424 459 χωρίον
443 373 673 460 περιέχηται
695 369 772 440 ὑπὸ
797 374 921 465 ῥητῆς7
939 372 1008 438 καὶ
1032 369 1123 439 ἀπο-

107 483 229 566 τομής
246 477 448 565 τετάρτης,
468 475 547 564 ήτδ
563 484 711 565 χωρίον
727 479 929 564 δυναμένη
946 476 1123 545 ἐλάσσων

108 588 224 653 ἐστίν.

72 713 87 761 5
174 696 309 778 Χωρίον
341 691 406 777 γὰρ
439 690 477 758 τὸ
508 699 574 758 ΑΒ
606 692 811 778 περιεχέσθω
841 687 908 758 ὑπὸ
938 692 1041 777 ῥητῆς
1069 693 1124 776 τῆς

106 805 176 865 ΑΓ
194 796 249 864 καί
269 795 439 884 ἀποτομῆς
460 797 618 884 τετάρτης
639 801 699 884 τῆς
721 805 803 865 ΑΛ·
841 798 938 882 λέγω,
965 794 1017 865 ὅτι
1041 794 1063 883 ἡ
1087 795 1121 865 τδ

106 910 171 971 ΑΒ
194 909 320 991 χωρίον
344 905 515 989 δυναμένη
540 903 694 971 έλάσσων
718 905 818 971 ἐστίν.

164 1008 273 1077 Ἔστω
296 1007 361 1096 γὰρ
384 1013 423 1096 τῇ
447 1017 518 1076 ΑΔ
541 1009 822 1097 προσαρμόζουσα
845 1006 866 1096 ἡ
890 1015 976 1076 ΔΗ·
1001 1012 1039 1076 αί
1060 1007 1123 1095 ἀρα

108 1122 190 1202 ΑΗ,
209 1122 283 1182 ΗΛ
306 1118 406 1202 ῥηταί
426 1120 490 1183 είσι
514 1115 655 1201 δυνάμει
679 1114 788 1200 μόνον
810 1114 1005 1202 σύμμετροι,
1028 1112 1122 1200 καλή

57 1245 90 1293 10
109 1229 181 1290 ΑΗ
203 1221 390 1309 σύμμετρός
413 1224 481 1289 έστι
505 1225 545 1310 τή
570 1223 739 1308 ἐκκειμένη
765 1223 847 1309 ῥητή
870 1225 910 1310 τῇ
930 1227 1001 1288 ΑΓ
1017 1220 1123 1307 μήκει,

107 1325 128 1414 ή
154 1328 191 1394 δὲ
215 1325 276 1413 ὅλη
300 1325 321 1414 ή
345 1335 417 1395 ΑΗ
439 1332 498 1413 τῆς
519 1326 817 1415 προσαρμοζούσης
839 1331 897 1412 τής
916 1334 993 1394 ΛΗ
1012 1333 1124 1413 μεῖζον

108 1431 249 1500 δύναται
276 1437 332 1524 τιβ
350 1431 416 1501 ἀπὸ
447 1431 662 1519 ἀσυμμέτρου
691 1434 792 1522 έαυτή
816 1433 920 1519 μήκει.
967 1433 1038 1500 ἐπεὶ
1063 1425 1124 1501 οὖν

107 1537 128 1624 ἡ
153 1546 228 1606 ΑΗ
253 1549 313 1626 τῆς
335 1547 408 1607 ΗΔ
435 1545 547 1626 μεῖζον
577 1538 719 1606 δύναται
746 1543 792 1632 τῷ
822 1537 888 1606 ἀπὸ
911 1535 1124 1628 ἀσυμμέτρου

108 1646 209 1734 ἑαυτῇ
234 1645 345 1732 μήκει,
369 1646 429 1713 έδιν
453 1642 518 1731 ἄρα
541 1648 586 1735 τῷ
610 1643 754 1736 τετάρτῳ
778 1646 870 1733 μέρει
892 1648 952 1712 τοῦ
978 1642 1045 1713 ἀπὸ
1070 1650 1124 1732 τῆς

57 1774 89 1822 15
110 1758 187 1818 ΛΗ
211 1759 287 1819 ίσον
315 1749 404 1839 παρὰ
432 1749 494 1836 τήν
522 1757 599 1817 ΑΗ
623 1755 824 1839 παραβληθῇ
857 1753 1010 1818 ἐλλεῖπον
1045 1756 1124 1819 είδει

107 1857 320 1948 τετραγώνῳ,
352 1861 400 1936 είς
427 1854 620 1944 ἀσύμμετρα
648 1854 755 1943 αὐτήν
788 1860 899 1924 διελεῖ.
947 1857 1123 1944 τετμήσθω

109 1955 305 2048 οὖνήΔΗ
320 1967 396 2049 δι’χα
418 1961 501 2030 καιδι
523 1961 561 2030 τὸ
582 1969 622 2047 Ε,
646 1962 702 2029 καὶ
725 1966 771 2053 τῷ
795 1961 860 2030 ἀπδ
885 1966 944 2049 τῆς
961 1969 1037 2030 ΕΗ
1051 1973 1125 2032 ίσον

108 2066 197 2153 παρά
211 2067 275 2154 τήν
288 2077 320 2135 Α
324 2074 364 2134 Η
372 2067 640 2154 παραβεβλήσθω
656 2071 809 2136 ἐλλεῖπον
824 2073 905 2136 είδει
914 2069 1124 2160 τετραγώνῳ,

108 2172 164 2240 καὶ
187 2178 270 2241 έστω
294 2172 331 2241 τὸ
355 2172 419 2241 ὑπὸ
443 2186 510 2242 τῶν
530 2182 604 2260 ΑΖ,
626 2182 708 2241 ΖΗ·
732 2172 941 2263 ἀσύμμετρος
964 2173 1032 2261 ἀρα
1057 2175 1124 2243 ἐστὶ

55 2304 90 2352 20
109 2277 204 2367 μήκει
227 2276 248 2365 ή
268 2286 332 2346 ΑΖ
355 2284 394 2368 τή
415 2287 489 2348 ΖΗ.
513 2279 689 2368 ’ἤχθωσαν
714 2273 777 2348 οὖν
801 2284 856 2348 διά
879 2283 948 2349 τῶν
973 2288 1013 2367 Ε,
1035 2289 1073 2368 Ζ,
1092 2287 1128 2348 Η

108 2385 315 2476 παράλληλοι
338 2400 410 2465 ταῖς
433 2392 506 2471 ΑΓ,
525 2394 592 2453 ΒΔ
615 2391 652 2454 αί
670 2395 743 2471 ΕΘ,
765 2393 827 2471 ΖΙ,
847 2392 927 2455 ΗΚ.
965 2387 1036 2454 ἐπεὶ
1064 2380 1125 2454 οὖν

109 2493 191 2582 ῥητή
215 2496 307 2562 ἐστιν
329 2493 349 2580 ή
369 2501 445 2561 ΑΗ
462 2494 517 2560 καὶ
537 2493 723 2581 σύμμετρος
741 2497 780 2582 νή
800 2502 832 2560 Α
839 2499 871 2561 Γ
890 2492 997 2579 μήκει,
1021 2493 1125 2582 ῥητὸν

109 2598 174 2687 ἀρα
197 2600 288 2668 ἐστὶν
312 2597 393 2667 ὅλον
410 2597 448 2667 τὸ
467 2606 545 2667 ΑΚ.
582 2598 694 2688 πάλιν,
717 2600 788 2667 ἐπεὶ
805 2597 1017 2688 ἀσύμμετρός
1036 2603 1125 2669 έστιν

108 2704 129 2790 ή
150 2713 222 2772 ΛΗ
239 2710 278 2793 τῇ
299 2712 366 2772 ΑΓ
381 2708 488 2792 μήκει,
507 2712 566 2772 καί
583 2710 668 2773 εἰσιν
687 2704 873 2795 ἀμφότεραι
892 2708 1001 2793 ῥηταί,
1021 2708 1124 2793 μέσον

56 2832 91 2882 25
110 2808 176 2898 ἀρα
195 2810 264 2877 ἐστὶ
282 2808 320 2877 τὸ
336 2818 369 2876 Δ
375 2819 416 2878 Κ.
451 2810 562 2897 πάλιν,
586 2812 656 2879 ἐπεὶ
680 2810 892 2899 ἀσύμμετρός
909 2813 1001 2881 ἐστιν
1019 2810 1042 2899 ή
1063 2819 1125 2880 ΑΖ

108 2920 148 3004 πή
173 2923 245 2982 ΖΗ
268 2916 379 3003 μήκει,
411 2915 623 3004 ἀσύμμετρον
651 2915 715 3003 ἀρα
743 2917 798 2985 καί
825 2916 864 2985 τδ
889 2924 949 2984 ΑΙ
973 2921 1020 3010 τῷ
1051 2925 1125 2986 ΖΚ

180 3087 573 3162 Ἆτετάρτηςάποτομήςν
646 3088 836 3162 4.τ,έσίΒλῙ
861 3109 950 3162 comp.
970 3093 1027 3148 Fb.
1100 3100 1125 3150 5.

111 3159 198 3244 δητης
215 3163 277 3233 της]
298 3179 368 3219 corr.
389 3180 455 3217 exv
440 3183 489 3249 της
507 3183 542 3224 m
563 3164 631 3231 2F‚
651 3160 788 3234 ρητηςῗ.
863 3169 887 3218 6.
906 3111 976 3235 ΑΡΔ]
998 3166 1125 3232 ABAb,

111 3232 184 3287 Am
202 3249 256 3288 ras
275 3250 312 3289 m
334 3232 400 3289 1B.
473 3230 504 3304 η]
524 3253 608 3304 supra
627 3235 728 3291 sch
803 3242 827 3289 7
848 3235 913 3305 AB]
935 3251 989 3291 om.
1010 3237 1071 3307 Bb,
1088 3256 1125 3292 m.

109 3305 179 3360 2V
235 3303 797 3395 8.AAEmm.mABm2FABb
868 3280 1123 3378 11.AfflHAV.

138 3381 182 3435 12.
208 3373 359 3449 δυναμένη
383 3376 413 3431 Ρ.
491 3375 649 3449 συμμέτρου
673 3378 710 3444 Β,
732 3395 804 3431 corr,
823 3397 860 3434 m
880 3384 905 3432 2.
986 3385 1028 3435 15
1052 3380 1123 3450 ἴσον]

20 3504 26 3559 χ
87 3445 232 3521 κώνῳ.
312 3444 833 3525 Μ.ἀωμωωθ,οωμωαθ
891 3447 1129 3515 διωεῖῃυεῗ
