2378 3832
96 158 162 223 210
483 157 684 211 ΣΤοΙΧΕΙωω
703 153 730 212 ι’.
825 160 831 225 '.

162 299 271 368 Ἕστω
296 297 399 386 ῥητὸν
422 299 478 366 καὶ
502 300 605 384 μέσον
632 299 803 384 δυναμένη
830 296 852 384 ἡ
875 305 956 384 ΑΒ,
989 298 1047 366 καὶ
1075 301 1116 393 τη

96 414 162 474 ΑΒ
186 406 370 495 σύμμετρος
393 411 476 474 ἔστω
499 402 521 491 ἡ
544 411 624 472 ΓΔ·
657 405 821 491 δεικτέον,
846 404 898 472 ὅτι
920 405 977 472 καὶ
999 402 1021 492 ἡ
1046 412 1117 474 ΓΔ

96 512 199 601 ῥητὸν
222 514 278 580 καὶ
302 515 404 600 μέσον
428 513 599 598 δυναμένη
624 513 724 580 έστίν.

163 618 352 707 Διῃρήσθω
375 615 396 706 ἡ
420 624 486 686 ΑΒ
505 621 553 696 είς
574 615 633 697 τάς
661 619 798 696 εὐθείας
826 613 909 684 κατὰ
935 614 974 685 τὸ
997 624 1040 685 Ε·
1080 623 1118 687 αί

59 732 177 814 σΑΕ,
202 733 264 793 ΕΒ
293 724 358 813 άρα
386 723 529 810 δυνάμει
553 724 640 792 εἰσὶν
662 723 868 813 ἀσύμμετροι
891 729 1051 793 ποιοῦσαι
1075 723 1114 794 τὸ

94 832 157 920 μέν
175 837 395 919 συγκείμενον
414 832 449 898 έκ
467 841 537 899 τῶν
555 827 612 897 ἄπ’
634 832 746 899 αὐτῶν
763 856 883 917 τετραγ
902 830 982 898 ’νων
997 832 1111 918 μέσον,

93 938 131 1007 τό
156 937 187 1007 δ’
213 936 269 1006 ὑπ’
297 935 409 1006 αὐτῶν
432 937 550 1024 ῥητόν·
588 936 644 1004 καὶ
672 936 712 1004 τά
740 935 825 1005 αὐτά
853 937 1109 1007 κατεσκευάσθω

93 1058 163 1124 τοῖς
185 1045 359 1130 πρότερον.
405 1041 528 1130 ὁμοίως
557 1041 598 1129 δὴ
629 1045 798 1129 δείξομεν,
827 1042 879 1111 ὅτι
901 1045 957 1112 καὶ
982 1047 1018 1111 αί
1040 1049 1113 1128 ΓΖ,

94 1157 161 1217 ΖΔ
185 1148 327 1236 δυνάμει
350 1150 437 1217 εἰσὶν
460 1147 678 1236 ἀσύμμετροι,
700 1149 757 1216 καὶ
781 1148 974 1237 σύμμετρον
992 1152 1029 1218 τὸ
1052 1149 1116 1238 μέν

42 1281 76 1331 10
94 1261 313 1342 συγκείμενον
337 1260 373 1324 έκ
395 1260 464 1324 τῶν
484 1253 548 1323 άττό
572 1259 641 1323 τῶν
659 1265 691 1323 Α
697 1262 737 1340 Ε,
755 1262 819 1322 ΕΒ
841 1258 887 1346 τῷ
906 1257 1114 1347 συγκειμένῳ

93 1364 130 1430 έκ
151 1366 219 1430 τῶν
243 1359 308 1429 άπὸ
327 1367 396 1430 τάν
414 1369 487 1448 ΓΖ,
507 1369 585 1447 ΖΔ,
608 1360 646 1429 τὸ
666 1361 704 1428 δέ
721 1359 788 1429 ’ὑπὸ
807 1368 885 1446 ΑΕ,
904 1368 968 1428 ΕΒ
986 1365 1033 1454 τῷ
1048 1359 1116 1430 ὑπὸ

93 1475 164 1554 ΓΖ,
190 1476 267 1535 ΖΔ·
292 1467 376 1538 ὥστε
399 1469 455 1536 καὶ
476 1471 515 1536 τὸ
541 1467 629 1555 [μὲν]
654 1474 873 1554 συγκείμενον
897 1469 933 1535 έκ
951 1472 1021 1536 τῶν
1047 1465 1111 1536 άκδ

92 1578 161 1643 τῶν
184 1581 256 1661 ΓΖ,
275 1583 342 1642 ΖΔ
364 1577 582 1665 τετραγώνων
609 1574 678 1642 ἐστὶ
702 1575 816 1660 μέσον,
839 1572 877 1643 τὸ
901 1571 933 1642 δ’
958 1572 1025 1644 ὑπὸ
1045 1578 1112 1643 τῶν

58 1693 59 1696 ’
92 1687 165 1767 ΓΖ,
191 1688 258 1748 ΖΔ
281 1680 395 1769 ῥητόν.

40 1809 73 1862 15
154 1787 273 1873 Ῥητὸν
296 1785 363 1875 άρα
384 1788 440 1855 καὶ
462 1789 566 1874 μέσον
586 1788 758 1873 δυναμένη
780 1789 872 1856 ἐστὶν
890 1785 911 1874 ἡ
932 1793 1006 1855 ΓΔ·
1032 1785 1116 1877 ὅπερ

92 1896 160 1961 έδει
184 1895 302 1974 δείξαι.
607 1981 615 2006 Ι

583 2009 626 2050 ο.

154 2104 200 2174 Ἡ
226 2109 272 2195 τῇ
308 2106 380 2173 δύο
414 2107 509 2193 μέσα
543 2106 748 2195 δυναμένη
785 2107 1011 2195 σύμμετρος
1042 2109 1112 2175 δύο

89 2214 187 2299 μέσα
211 2209 417 2295 δυναμένη
442 2214 563 2280 ἐστίν.
968 2224 980 2247 ·

37 2341 71 2392 20
158 2314 266 2384 Ἔστω
300 2314 362 2384 δύο
395 2319 479 2403 μέσα
512 2319 682 2404 δυναμένη
714 2315 735 2404 ἡ
768 2327 800 2386 Α
808 2325 856 2404 Β,
888 2317 943 2385 καί
975 2321 1016 2408 τῇ
1048 2327 1114 2387 ΑΒ

90 2421 277 2509 σύμμετρος
299 2418 320 2508 ἡ
344 2427 419 2488 ΓΔ·
457 2424 621 2510 δεικτέον,
653 2421 704 2492 ὅτι
726 2423 783 2491 καὶ
808 2420 829 2510 ἡ
854 2429 917 2491 ΓΔ
940 2424 1004 2493 δύο
1028 2426 1114 2512 μέσα

92 2530 265 2616 δυναμένη
291 2529 387 2597 ἐστίν.

152 2632 241 2703 Ἐπεὶ
267 2634 331 2724 γάρ
360 2634 423 2702 δύο
450 2635 533 2720 μέσα
562 2637 732 2722 δυναμένη
757 2636 856 2704 ἐστὶν
880 2633 900 2721 ἡ
925 2643 1005 2723 ΑΒ,
1039 2640 1116 2725 διη-

88 2741 207 2827 ρήσθω
232 2745 279 2822 είς
302 2740 361 2821 τὰς
384 2740 522 2820 εὐθείας
546 2740 627 2810 κατά
651 2742 689 2810 τὸ
713 2750 755 2810 Ε·
794 2745 830 2809 αί
851 2750 934 2828 ΑΕ,
958 2749 1021 2810 ΕΒ
1045 2741 1116 2829 άρα

34 2868 70 2921 25
89 2847 232 2932 δυνάμει
255 2846 342 2914 εἰσὶν
365 2843 570 2934 ἀσύμμετροι
592 2851 750 2916 ποιοῦσαι
775 2847 814 2916 τό
836 2874 872 2916 τε
890 2853 1116 2936 συγκείμενον

159 3011 183 3060 1.
202 3005 250 3059 καὶ
269 3010 302 3078 τῇ
321 3006 386 3077 AB]
408 3023 492 3076 supra
515 3024 567 3064 ser.
586 3026 623 3063 m.
644 3013 658 3061 1
678 3009 708 3065 F.
778 3014 803 3064 2.
823 3005 964 3078 δεικτέον]
986 3006 1058 3077 λέγω
1080 3009 1113 3063 V.

121 3082 147 3132 3.
166 3071 228 3132 έστί
243 3075 275 3146 Β,
295 3094 383 3146 comp.
402 3079 457 3134 Pb.
534 3084 558 3135 7.
576 3078 609 3133 δέ
628 3079 659 3133 P.
733 3077 961 3134 κατασκευάσθω
984 3079 1011 3133 b.
1089 3085 1113 3134 8.

85 3142 134 3219 αἱ]
155 3141 174 3217 ἡ
193 3146 228 3204 V.
302 3153 343 3203 11.
362 3143 391 3201 δ’
411 3147 441 3205 P.
515 3154 572 3203 τῶν
590 3153 643 3204 ΑΕ
661 3149 695 3205 V.
769 3156 811 3205 12.
831 3151 887 3204 τῶν
904 3152 954 3204 ΓΖ
977 3151 1059 3218 (corr.
1081 3167 1115 3204 ex

6 3274 8 3279 ,
85 3219 160 3287 ΓΗ)
179 3219 213 3274 V.
287 3218 349 3290 μέν]
369 3236 423 3275 om.
442 3219 472 3275 P.
552 3225 593 3274 13.
612 3217 791 3290 τετράγωνον
809 3222 841 3276 P.
909 3218 943 3275 δέ
961 3221 993 3276 F.
1072 3226 1113 3274 15.

85 3280 160 3359 ὅπερ
179 3286 239 3344 ἔδει
257 3290 366 3361 δεῖξαι]
386 3307 476 3361 comp.
496 3291 530 3359 P,
556 3308 611 3348 om.
630 3292 746 3348 BFVb.
822 3297 863 3346 17.
882 3288 921 3361 α’]
942 3308 1000 3361 seq.
1020 3307 1075 3345 ras.
1099 3297 1112 3344 1

84 3356 143 3417 list.
163 3360 195 3415 P.
251 3365 292 3416 18.
311 3360 361 3415 καὶ
379 3357 452 3432 αάτὴ
473 3359 526 3417 δύο
545 3362 578 3416 V.
638 3368 680 3418 21.
699 3357 731 3434 ἡ]
752 3361 821 3418 έστω
840 3358 859 3431 ἡ
878 3363 913 3417 V.
968 3359 1113 3432 δεικτέον]

82 3428 157 3503 λέγω
176 3430 210 3486 V.
265 3427 302 3502 δὴ
323 3425 366 3487 ὅτι
385 3431 417 3487 Β.
473 3438 517 3490 24.
539 3428 611 3488 κατά
631 3429 759 3497 τόΕείς
772 3429 823 3497 τάς
838 3429 958 3496 εὐθείας
976 3434 1009 3488 V.
1065 3427 1115 3486 εά-

69 3500 178 3577 θεάν]
192 3521 233 3561 m.
267 3503 334 3562 213.
