2378 3832
367 167 643 220 murmurosum
660 167 770 219 nnana
788 170 821 219 x.
1038 165 1104 232 223

86 310 193 394 spatio
214 309 359 392 aequalis
373 309 533 394 quadrata
545 313 636 374 reeta
651 314 701 374 est
714 310 838 375 duobus
854 311 970 394 spatiis
990 312 1104 377 mediis

83 415 234 500 aequalis
248 416 408 500 quadrata
428 419 533 500 [prop.
546 415 646 498 LlX].
684 438 783 500 quare
802 421 892 482 reeta
910 419 1017 503 spatio
1032 423 1065 482 A
1071 424 1104 483 Δ

84 522 232 608 aequalis
256 522 415 607 quadrata
433 527 525 589 reeta
543 522 669 588 duobus
689 523 804 607 spatiis
823 522 938 588 mediis
957 524 1103 608 aequalis

86 628 247 712 quadrata
269 636 328 694 est.

152 733 243 821 Ergo
277 735 402 801 duobus
438 735 554 820 spatiis
586 735 701 800 mediis
735 735 798 800 sibi
829 738 1103 801 incommensura-

88 841 206 906 bilibus
230 841 421 925 compositis
445 842 587 924 reliquae
611 841 692 906 duae
715 843 923 908 irrationales
947 843 1104 926 oriuntur,

84 952 142 1012 aut
164 950 255 1012 reeta
272 969 311 1011 ex
329 947 455 1012 duabus
473 946 588 1012 mediis
609 949 749 1014 secunda
766 953 823 1014 aut
841 949 967 1014 duobus
987 948 1103 1034 spatiis

83 1054 202 1119 mediis
226 1054 369 1138 aequalis
393 1053 562 1137 quadrata.

152 1267 256 1332 Reota
284 1288 323 1332 ex
346 1267 471 1333 duobus
494 1268 683 1334 nominibus
712 1272 745 1333 et
767 1268 975 1335 irrationales
1000 1268 1040 1332 ab
1064 1288 1103 1331 ea

83 1374 253 1439 deriuatae
280 1395 385 1458 neque
413 1374 538 1439 medias
564 1396 669 1458 neque
696 1375 783 1439 inter
806 1396 839 1441 se
864 1375 994 1448 eaedem
1017 1376 1103 1438 sunt.

83 1503 162 1546 nam
197 1480 390 1564 quadratum
418 1480 545 1544 mediae
576 1484 684 1546 rectae
715 1481 870 1547 rationali
903 1480 1102 1565 adplicatum

83 1587 292 1651 latitudinem
311 1585 413 1650 effioit
431 1586 626 1651 rationalem
646 1590 678 1652 et
697 1591 814 1671 reatae,
834 1588 885 1652 oui
905 1587 1101 1671 adplicatum

89 1695 148 1776 est,
163 1693 368 1779 longitudine
381 1692 742 1759 incommensurabilom
758 1695 862 1776 [prop.
876 1690 995 1772 xxm.
1026 1712 1099 1775 qua·

86 1798 216 1864 drotum
244 1802 354 1863 autem
381 1802 488 1864 reotae
517 1820 556 1862 ex
580 1798 704 1882 duobus
732 1798 919 1864 nominibus
947 1797 1102 1862 rationali

85 1905 285 1991 adplicatum
309 1905 518 1972 latitudinem
546 1904 646 1969 efficit
672 1908 796 1969 rectam
825 1925 864 1968 ex
892 1903 1017 1968 duobus
1044 1923 1101 1967 no-

84 2013 227 2078 minibus
246 2012 387 2096 primam
413 2014 518 2095 [prop.
533 2010 615 2093 LX].
652 2010 846 2096 quadratum
865 2013 975 2075 autem
994 2013 1101 2074 rectae

83 2141 124 2185 ex
148 2119 274 2184 duabus
297 2117 415 2183 mediis
438 2119 562 2201 primae
583 2116 740 2183 rationali
768 2117 966 2201 adplicatum
991 2116 1102 2182 latitu-

83 2227 193 2291 dinem
221 2225 321 2290 offioit
348 2228 472 2289 rectam
500 2245 539 2288 ex
566 2224 690 2289 duobus
712 2224 900 2290 nominibus
928 2223 1102 2290 secundam

84 2336 192 2417 [prop.
206 2330 305 2413 LXI}
339 2331 533 2415 quadratum
549 2333 657 2394 autem
671 2334 779 2395 rectae
794 2352 833 2395 ex
847 2331 972 2397 duabus
984 2330 1101 2396 mediis

84 2437 245 2504 secundae
259 2437 414 2502 rationali
428 2436 626 2521 adplicatum
640 2437 845 2502 latitudinem
864 2437 965 2502 efficit
978 2440 1101 2502 rectam

85 2568 124 2611 ex
138 2545 266 2610 duobus
284 2543 472 2609 nominibus
491 2543 622 2608 tertiam
643 2546 747 2627 [prop.
761 2543 878 2624 LXII].
906 2543 1101 2626 quadratum

85 2655 194 2717 autem
217 2650 350 2715 maioris
373 2649 528 2715 rationali
551 2649 748 2733 adplicatum
771 2649 978 2714 latitudinem
1000 2646 1102 2712 efficit

84 2761 208 2823 rectam
236 2779 276 2822 ex
303 2756 428 2820 duobus
456 2754 642 2820 nominibus
666 2758 816 2839 quartam
841 2757 945 2840 [prop.
968 2751 1101 2835 LXHIJ.

85 2864 279 2948 quadratum
303 2866 411 2929 autem
433 2866 540 2927 rectae
564 2861 671 2946 spatio
695 2861 848 2927 rationali
871 2864 904 2926 et
925 2859 1032 2927 madio
1052 2881 1103 2926 ae·

88 2971 193 3054 qualis
208 2970 385 3056 quadratae
398 2968 554 3034 rationali
567 2968 765 3052 adplicatum
779 2968 987 3033 latitudinem
1002 2966 1104 3034 efficit

86 3080 208 3143 rectam
236 3098 275 3141 ex
303 3076 428 3141 duobus
454 3074 640 3140 nominibus
669 3075 816 3159 quintam
840 3077 947 3159 [prop.
968 3071 1103 3158 LXIVJ.

84 3304 138 3378 τήν
155 3308 191 3364 V.
262 3301 315 3378 ἦν]
342 3322 411 3361 corr.
431 3295 514 3373 arria
536 3304 567 3360 Ρ.
640 3309 682 3357 13.
706 3299 757 3373 δέ]
781 3297 811 3356 δ’
835 3300 865 3356 Ρ.
937 3298 1136 3371 παραβῶ-ν

85 3398 173 3448 μενον
192 3377 222 3434 Ρ.
279 3383 320 3433 16.
339 3373 370 3431 τὸ
390 3376 423 3432 δέ
443 3407 477 3417 -
497 3382 539 3430 19.
557 3374 664 3445 τρίτην]
684 3391 740 3442 mg.
759 3391 797 3427 m.
816 3378 832 3426 2
851 3372 885 3428 V.
945 3377 988 3426 16.
1006 3370 1136 3445 nuens

85 3467 139 3505 om.
159 3450 193 3506 v.
258 3447 363 3518 aas]
383 3443 411 3502 δ’
432 3447 463 3502 P.
528 3451 570 3500 19.
590 3444 635 3516 aa]
655 3440 683 3497 δ’
704 3443 734 3497 Ρ.
794 3449 839 3498 21.
857 3439 909 3512 ou
921 3436 950 3496 a*
971 3440 1007 3495 r.
1056 3446 1136 3517 mg

85 3519 136 3592 τό]
157 3537 253 3575 eoorr.
271 3522 301 3575 V.
352 3517 404 3592 δέ]
423 3513 454 3574 δ’
468 3517 499 3576 Ρ.
552 3524 595 3576 24.
615 3513 744 3590 aliaoa[
762 3533 838 3573 eom.
850 3532 889 3570 ea
899 3506 1136 3577 alesmum-2·
