2332 3840
107 176 149 240 80
489 175 691 228 ΣΤΟΙΧΕΙΩΝ
709 171 736 228 ι’.

106 318 127 406 ἡ
148 328 181 386 A
200 343 283 405 προς
300 343 364 404 την
384 323 422 403 E,
444 317 500 384 καὶ
519 320 558 383 αί
573 324 618 400 A,
637 323 669 383 E
685 313 751 402 ἄρα
770 313 914 402 δυνάμει
933 313 1042 402 μόνον
1057 314 1110 383 εἰσὶ

108 424 299 512 σύμμετροι.
337 425 420 512 μέση
435 420 511 510 δδή
532 429 578 490 A·
607 423 689 510 μέση
710 421 776 512 ἄρα
793 419 884 508 καλή
904 428 948 489 Ε·
975 425 1021 514 γαί
1036 427 1113 509 Δ,Ε

107 528 174 615 ἄρα
201 531 298 617 μέσαι
327 531 391 600 είσλ
420 528 563 617 δυνάμει
591 527 700 616 μόνον
728 526 921 614 σύμμετροι.
959 529 1050 615 λέγω
1070 527 1128 615 δή

108 634 160 703 ὅτι
186 636 242 703 καὶ
270 636 374 723 μέσον
403 635 623 722 περιέχουσιν.
665 633 734 702 ἐπεὶ
766 633 831 720 γάρ
865 635 957 703 ἐστιν
985 631 1032 714 ὥς
1053 631 1113 720 ήδ

75 768 91 818 ε
111 741 193 829 πρὸς
215 745 278 828 τήν
302 748 344 827 Γ,
367 739 388 828 ή
413 749 446 808 A
469 743 552 827 πρὸς
573 738 636 827 τήν
659 747 703 824 Ε,
732 740 872 820 ἐναλλάξ
894 736 963 827 ἄρα
986 737 1035 821 ώς
1055 737 1114 826 ήδ

110 852 193 934 πρὸς
219 851 282 936 τήν
305 857 349 933 A,
372 845 393 934 ἡ
417 854 448 915 Γ
467 849 550 934 πρὸς
571 849 634 934 τήν
658 855 696 916 Ε.
741 844 787 927 ὡς
808 844 847 914 δέ
868 843 890 933 ή
908 853 939 914 Β
962 849 1048 934 πρὸς
1066 848 1116 932 τήν

109 964 152 1042 A,
175 953 195 1041 ἡ
221 963 254 1020 A
275 956 358 1042 πρὸς
379 954 441 1040 τήν
463 964 509 1022 Α·
540 953 597 1021 καὶ
626 951 670 1032 ὡς
697 951 764 1038 ἄρα
789 951 810 1040 ἡ
832 960 867 1021 A
888 955 973 1040 πρὸς
1001 954 1062 1041 τήν
1081 961 1115 1037 A,

109 1060 130 1147 ἡ
149 1066 181 1128 Γ
198 1061 280 1147 πρὸς
301 1061 363 1146 τήν
380 1068 423 1127 Ε·
455 1061 493 1128 τὸ
516 1058 581 1147 άρα
603 1058 669 1128 ὑπὸ
690 1062 759 1128 τῶν
781 1068 825 1144 A,
844 1064 877 1126 Γ
895 1067 974 1127 ἴσον
993 1060 1063 1128 ἐστί
1080 1060 1117 1149 τῷ

108 1163 176 1234 ὑπὸ
205 1168 273 1234 τών
298 1173 342 1252 A,
360 1173 399 1234 E.
445 1167 549 1252 μέσον
577 1151 615 1234 δὲ
637 1167 674 1233 τὸ
697 1163 763 1233 ὑπὸ
784 1174 853 1233 τῶν
876 1173 919 1250 A,
940 1172 980 1234 P·
1026 1167 1119 1254 μέσον

57 1298 90 1346 10
110 1271 176 1357 ἄρα
199 1271 255 1340 καὶ
277 1273 315 1341 τὸ
336 1270 403 1342 ὑπὸ
425 1275 493 1341 τών
516 1281 560 1357 A,
581 1279 617 1341 E.

175 1377 348 1466 Εὕρηνται
372 1378 438 1467 ἄρα
461 1380 558 1466 μέσαι
582 1377 724 1465 δυνάμει
743 1377 851 1465 μόνον
869 1377 1056 1467 σύμμετροι
1075 1378 1122 1466 με’·

109 1509 172 1554 σου
194 1489 418 1574 περιέχουσαι·
443 1483 523 1572 ὅπερ
547 1489 615 1553 ἔδει
638 1486 751 1566 δείξαι.

542 1701 692 1784 Λήμμα.

177 1822 303 1913 Εὑρεῖν
332 1821 395 1891 δύο
419 1819 648 1909 τετραγώνους
675 1818 858 1907 άριθμούς,
883 1817 1051 1889 ὥστεκαὶ
1074 1823 1128 1890 τὸν

60 1952 91 2000 15
112 1935 332 2017 συγκείμενον
353 1931 387 2010 ἐξ
411 1926 523 1996 αὐτῶν
547 1925 635 1995 εἶναι
658 1927 878 2015 τετράγωνον.

176 2035 424 2105 Ἐκκείσθωσαν
458 2034 521 2103 δύο
551 2033 691 2122 ἀριθμοί
720 2037 755 2101 οί
776 2041 852 2120 AB,
875 2039 953 2119 ΒΓ,
982 2038 1130 2102 ἔστωσαν

111 2143 148 2210 δέ
175 2139 249 2227 ήτοι
274 2140 382 2228 άρτιοι
410 2137 430 2228 ή
459 2146 613 2229 περιττοί.
657 2139 714 2208 καὶ
737 2142 817 2226 ἐπεί,
843 2141 902 2209 ἐάν
924 2167 959 2210 τε
983 2138 1053 2210 άπὸ
1075 2139 1130 2227 ἄρ

109 2253 185 2314 τίου
207 2245 321 2334 άρτιος
343 2242 527 2336 ἀφαιρεθῇ,
558 2249 617 2316 έάν
639 2272 675 2314 τε
697 2244 762 2315 άπὸ
782 2250 944 2336 περισσοῦ
961 2249 1130 2335 περισσός,

112 2351 130 2420 ὁ
159 2355 274 2435 λοιπὸς
303 2352 416 2442 ἄρτιός
448 2355 553 2440 ἐστιν,
586 2352 604 2421 ὁ
632 2355 748 2434 λοιπὸς
779 2351 845 2441 άρα
873 2351 891 2421 δ
920 2360 993 2422 ΛΓ
1019 2352 1132 2442 ἄρτιός

59 2483 94 2531 20
114 2464 212 2530 έστιν.
265 2460 439 2548 τετμήσθω
473 2459 583 2527 ὁΑΓ
607 2464 684 2546 δίχα
715 2457 862 2527 κατὰτὸ
891 2466 932 2525 A.
981 2464 1132 2529 ἔστωσαν

114 2568 224 2636 δὲκαὶ
244 2571 279 2635 οί
295 2575 371 2652 ΑΒ,
391 2556 457 2635 ΕΓ
476 2565 549 2652 ήτοι
569 2563 679 2653 ὅμοιοι
699 2566 847 2632 ἐπίπεδοι
870 2559 891 2651 ή
914 2565 1131 2653 τετράγωνοι,

113 2679 149 2741 οἳ
169 2674 224 2741 καὶ
248 2671 345 2742 αὐτοὶ
369 2671 484 2760 ὅμοιοί
499 2677 585 2741 είσιν
603 2673 764 2740 ἐπίπεδοι·
788 2668 806 2739 ὁ
826 2668 892 2759 ἄρα
912 2673 947 2738 έκ
965 2681 1033 2740 τών
1053 2682 1087 2740 A
1093 2679 1131 2757 B,

112 2785 179 2846 ΒΓ
198 2777 277 2865 μετὰ
300 2783 362 2847 τοῦ
385 2777 449 2847 άπὸ
475 2783 561 2863 [τοῦ]
582 2784 648 2845 ΓΔ
666 2777 877 2866 τετραγώνου
901 2784 974 2856 ίσος
997 2778 1068 2846 ἐστὶ
1087 2779 1131 2870 τῷ

113 2883 179 2952 άπὸ
202 2888 264 2953 τοῦ
287 2893 356 2952 BA
380 2883 586 2976 τετραγώνῳ.
632 2890 691 2951 καί
718 2885 786 2952 ἐστι
819 2882 1029 2970 τετράγωνος
1053 2881 1073 2952 ὁ
1098 2887 1132 2952 ἐκ

62 3015 95 3064 25
114 2995 182 3059 τών
206 2997 282 3077 AB,
301 2997 373 3077 ΒΓ,
397 2991 572 3078 ἐπειδήπερ
591 2994 737 3077 ἐδείχθη,
762 2986 823 3074 ὅτι,
848 2987 907 3057 έδιν
932 2990 994 3058 δύο
1020 2987 1131 3076 ὅμοιοι

115 3097 263 3164 ἐπίπεδοι
291 3096 640 3176 πολλαπλασιάσαντες
665 3093 831 3180 ἀλλήλους
853 3100 977 3162 ποιώσί
996 3121 1090 3182 τινα,
1114 3092 1131 3164 ὁ

112 3200 292 3288 γενόμενος
309 3201 517 3292 τετράγωνός
535 3204 634 3270 ἐστιν.
675 3198 833 3289 εὕρηνται
851 3199 917 3287 άρα
936 3199 1000 3269 δύο
1020 3198 1132 3289 τετρά-

191 3385 214 3434 1.
243 3379 394 3451 σύμμετροι
420 3375 542 3449 δυνάμει
565 3378 655 3449 μόνον
681 3376 738 3433 εἰσί
762 3378 796 3433 V.
887 3377 994 3449 μόνον]
1021 3395 1077 3433 om.
1101 3377 1131 3432 P.

149 3448 220 3505 εἰσίν
238 3450 268 3508 Ρ.
324 3457 348 3505 3.
365 3448 439 3538 εἰσίν
458 3451 489 3505 P.
544 3455 568 3505 5.
589 3445 679 3533 οὕτως
696 3447 713 3517 ἡ
730 3448 804 3504 AV.
860 3457 883 3505 6.
902 3444 920 3517 ἡ
942 3445 1131 3538 Γ-μήνΔ]

113 3537 149 3575 m,
170 3522 236 3576 ΞΒ,
310 3528 333 3578 6.
353 3541 444 3586 ας-
466 3527 488 3578 7.
508 3527 531 3577 A
551 3520 888 3594 (μοιαελλπιςυλθ.
960 3525 986 3573 8.
1005 3538 1131 3588 οντωςη
