2378 3832
503 153 691 206 arennnrx.
1042 152 1107 217 383

81 299 202 362 autem
213 300 257 375 E3
272 295 480 361 irrationales
496 297 582 361 enim
592 298 724 361 omnino
735 300 945 362 uocatrectas
955 298 1107 363 rationali

82 402 437 468 incommensurabiles
462 405 494 466 et
516 402 722 487 longitudine
746 406 778 468 et
801 404 956 488 potentia.

480 721 589 806 Uulgo
613 721 653 807 X,
679 721 727 786 13.

160 846 212 910 Ad
234 868 325 930 prop.
345 845 427 910 xffl
449 847 569 910 lemma
593 868 631 910 ex
654 846 841 911 reductione
864 848 899 911 in
922 845 1105 911 absurdum.

160 951 194 1017 Si
217 952 299 1017 duae
315 952 558 1038 magnitudines
583 956 667 1036 sunt,
691 957 724 1017 et
747 953 852 1017 altera
870 974 1107 1019 commensura·

88 1059 180 1142 bilis,
203 1059 307 1124 altera
325 1058 665 1124 incommensurabilis
684 1059 788 1124 eidem
808 1060 1026 1145 magnitudini
1046 1066 1105 1143 est,

89 1165 334 1251 magnitudines
358 1164 705 1230 incommensurabiles
730 1170 832 1230 erunt.

110 1307 115 1310 ·
172 1305 191 1312 -
245 1305 264 1314 -
403 1271 470 1335 sint
498 1270 583 1334 enim
611 1276 710 1354 Α,Β
744 1271 825 1335 duae
853 1272 1106 1359 magnitudines,

172 1314 191 1534 l
245 1315 263 1500 t
335 1378 400 1442 alia
424 1381 532 1442 autem
555 1378 598 1459 Γ,
622 1382 654 1441 et
678 1384 719 1459 A,
742 1380 774 1443 Γ
799 1381 1105 1446 commensurabiles

106 1518 109 1597 p
191 1505 213 1553 Β
264 1468 291 1518 Γ
334 1485 409 1563 sint,
428 1488 469 1565 Β,
483 1485 633 1548 Fautem
648 1483 999 1550 incommensurabiles.
1026 1485 1108 1570 dico,

97 1606 141 1658 ssA
334 1589 432 1654 etiam
456 1596 498 1672 A,
521 1593 550 1653 Β
573 1590 919 1654 incommensurabiles
943 1613 1022 1656 esse.

162 1719 238 1762 nam
258 1698 286 1762 si
299 1703 341 1781 A,
355 1703 383 1761 B
404 1697 711 1761 commensurabiles
732 1698 818 1779 sunt,
841 1699 874 1758 et
897 1694 994 1758 etiam
1018 1700 1055 1778 Γ,
1075 1703 1108 1760 Α

89 1803 401 1869 commensurabiles
430 1808 520 1885 sunt,
551 1802 649 1866 etiam
678 1805 769 1884 1313
797 1801 1106 1866 commensurabiles

90 1914 171 1975 sunt
195 1912 297 1994 [prop.
321 1907 413 1994 XH];
439 1908 524 1992 quod
547 1911 660 1972 contra
683 1907 880 1991 hypothesin
905 1908 962 1972 est.

405 2226 458 2292 Ad
481 2228 553 2292 libr.
577 2121 617 2290 lt.
630 2248 723 2312 prop.
748 2227 799 2291 18.

160 2352 353 2417 Rationales
377 2355 461 2415 enim
486 2354 584 2416 uocat
608 2354 713 2414 rectas
742 2351 895 2416 rationali
918 2353 1106 2435 propositae

90 2457 400 2524 commensurabiles
429 2459 486 2521 aut
509 2456 713 2540 longitudine
742 2463 774 2520 et
796 2457 944 2541 potentia
971 2464 1027 2521 aut
1049 2478 1106 2539 po-

91 2565 198 2631 tentia
229 2568 368 2628 tantum.
426 2567 501 2627 sunt
534 2566 643 2627 autem
681 2559 797 2650 aliael)
831 2582 957 2645 quoque
989 2565 1106 2644 rectae,

91 2694 177 2757 quae
209 2670 363 2735 rationali
391 2669 578 2752 propositae
606 2667 810 2751 longitudine
835 2669 1104 2729 incommensura-

91 2779 176 2843 biles
205 2781 293 2860 sunt,
321 2777 468 2860 potentia
496 2779 604 2840 autem
632 2778 760 2837 tantum
784 2772 1105 2858 commensurabiles3

95 2906 193 2968 quare
216 2905 328 2947 rursus
352 2886 510 2948 uocantur
532 2880 707 2945 rationales
731 2881 764 2944 et
787 2881 872 2944 inter
895 2901 928 2943 se
948 2901 1107 2944 commen-

93 2989 268 3074 surabiles,
294 2990 455 3073 quatenus
478 2987 654 3053 rationales
679 2990 766 3067 sunt,
796 2987 1105 3052 commensurabiles

93 3099 203 3160 autem
237 3097 322 3160 inter
353 3116 386 3158 se
419 3098 476 3158 aut
506 3091 708 3175 longitudine
737 3098 769 3156 et
797 3094 946 3175 potentia
969 3100 1025 3157 aut
1048 3115 1106 3175 po·

166 3273 192 3340 1)
211 3270 272 3327 Hoc
291 3268 358 3338 quid
377 3267 429 3322 sibi
448 3267 526 3336 uelit,
544 3285 602 3322 non
620 3267 762 3336 intellego.

129 3430 164 3502 B]
184 3434 226 3484 A?
245 3427 274 3482 P.
330 3425 508 3497 ἀσύμμετρον
527 3427 558 3494 F,
578 3426 627 3481 sed
646 3443 715 3481 corr.
773 3431 814 3481 15.
832 3425 896 3496 καί]
916 3425 988 3495 (alt.)
1008 3441 1061 3482 om.
1078 3427 1103 3480 b.

131 3508 172 3558 16.
193 3499 264 3556 εἰσιν
284 3494 454 3570 ἀσύμμετροι
474 3498 504 3553 F.
578 3495 648 3554 stow
667 3499 700 3554 B.
