2378 3832
353 154 627 206 ELEMENTORUM
644 156 753 206 LIBER
771 156 804 208 X.
1046 152 1087 217 17

139 296 230 384 Ergo
254 297 339 361 datis
361 297 468 362 tribus
486 297 767 382 magnitudinibus
787 299 1088 364 commensurabili·

66 405 134 470 bus
157 405 302 468 maxima
325 425 476 468 mensura
499 404 679 468 communis
702 404 836 471 inuenta
859 408 917 469 est.

447 560 715 627 Corollarium.

140 667 227 733 Hinc
249 667 459 732 manifestum
483 670 547 752 est,
571 669 599 733 si
622 669 813 754 magnitudo
836 672 903 734 tres
927 672 1088 756 magnitu-

55 777 165 849 dines
201 775 347 859 metitur,
383 775 518 839 eandem
550 775 725 840 maximam
759 797 869 841 aarum
903 798 1087 841 mensuram

64 904 276 948 communem
299 881 415 945 metiri.

139 987 210 1052 Iam
233 987 387 1053 similiter
410 988 510 1052 etiam
533 987 568 1050 in
590 987 737 1072 pluribus
762 989 905 1053 maxima
933 1010 1087 1054 mensura

62 1094 254 1161 communis
278 1096 435 1178 sumetur,
463 1097 497 1158 et
525 1093 730 1158 corollarium
754 1116 881 1179 quoque
903 1096 1087 1180 progredie

62 1204 134 1266 tur.
149 1199 295 1284 -quod
319 1202 389 1264 erat
412 1199 707 1265 demonstrandum.

555 1359 597 1441 t.

138 1500 383 1586 Magnitudines
414 1500 720 1566 commensurabiles
747 1501 834 1565 inter
862 1523 896 1566 se
926 1503 1086 1568 rationem

62 1608 204 1690 habent,
228 1628 325 1690 quam
348 1628 500 1672 numerus
525 1607 566 1671 ad
588 1628 766 1671 numerum.

141 1710 213 1776 Sint
236 1712 475 1797 magnitudines
496 1711 802 1777 commensurabiles
822 1717 862 1792 A,
877 1716 914 1775 Β.
952 1712 1034 1796 dioo,
1053 1719 1085 1778 A

64 1820 111 1884 ad
136 1822 167 1882 Β
190 1819 348 1883 rationem
371 1818 500 1903 habere,
526 1841 623 1903 quam
645 1817 767 1882 habeat
788 1839 941 1882 numerus
965 1818 1006 1882 ad
1029 1840 1085 1884 nu-

62 1947 208 1991 merum.

139 2029 227 2095 Nam
250 2031 402 2115 quoniam
421 2035 503 2114 A,B
523 2031 829 2095 commensurabiles
854 2034 938 2116 sunt,
961 2032 1085 2116 magni·

62 2138 150 2204 tudo
170 2137 281 2220 aliqua
299 2158 353 2201 eas
373 2138 533 2202 metietur.
567 2137 720 2202 metiatur
735 2141 767 2201 et
782 2138 825 2201 sit
840 2139 875 2202 Γ.
908 2140 941 2201 et
957 2138 1084 2221 quoties

64 2247 101 2309 Γ
115 2241 380 2328 magnitudinem
403 2248 436 2306 A
459 2243 605 2326 metitur,
632 2242 769 2307 totidem
793 2242 936 2306 unitates
961 2243 1085 2307 sintin

63 2356 112 2432 A,
133 2349 262 2434 quoties
281 2352 389 2412 autem
408 2351 441 2412 Γ
455 2348 715 2434 magnitudinem
735 2353 763 2412 Β
782 2349 924 2434 metitur,
947 2348 1084 2412 totidem

63 2456 215 2521 unitates
240 2455 362 2519 sintin
385 2458 423 2519 E.
635 2533 636 2536 Ἴ

133 2560 202 2624 iam
221 2560 375 2643 quoniam
389 2560 688 2646 Pmagnitudinem
702 2566 734 2624 A
749 2559 924 2624 secundum
942 2559 1084 2624 unitates

61 2666 201 2733 numeri
225 2671 258 2730 A
280 2667 427 2751 metitur,
453 2667 509 2731 sed
532 2667 631 2731 etiam
654 2666 761 2730 unitas
785 2687 956 2730 numerum
981 2669 1014 2728 A
1037 2687 1085 2729 se-

137 2811 161 2859 A
322 2811 344 2858 B
445 2808 472 2858 p
527 2773 666 2837 cundum
688 2773 830 2837 unitates
856 2773 922 2837 eius
946 2772 1087 2857 metitur,

62 2875 224 2915 ¹⁴4*
277 2875 379 2912 ’ψ’
433 2876 486 2912 ¹*'
526 2879 635 2943 unitas
649 2900 819 2943 numerum
833 2884 866 2942 A
881 2879 1086 2961 etsmagni-

102 2963 206 3001 ¹—'
218 2953 243 3000 A
526 2984 673 3049 tudinem
691 2991 723 3048 A
744 2984 922 3068 aequaliter
944 2984 1086 3047 metitur.

102 3055 212 3107 ΗΕ
527 3089 637 3173 itaque
673 3092 775 3155 FtA
800 3121 841 3143 =
867 3091 958 3153 1:A
1004 3087 1087 3168 [VII

62 3197 129 3264 def.
145 3197 219 3275 20].
253 3197 450 3261 econtrario
469 3197 570 3280 igitur
591 3195 643 3279 [V‚
663 3197 680 3259 7
701 3197 824 3276 coroll]
845 3200 877 3260 A
887 3197 1046 3259 2F=At
1058 3195 1086 3257 1.

62 3325 183 3369 rursus
217 3303 370 3386 quoniam
402 3305 435 3366 Γ
461 3302 718 3389 magnitudinem
751 3307 779 3366 Β
808 3299 984 3367 secundum
1016 3297 1086 3362 uni·

140 3475 174 3530 V.
192 3474 350 3528 Alexander
363 3475 487 3545 Aphrod.
508 3478 540 3534 in
558 3479 644 3538 Anal.
664 3500 710 3556 pr.
730 3480 784 3541 iol.
804 3487 854 3539 8‘l.

104 3568 256 3619 Euclides,
270 3571 318 3610 edd
332 3572 440 3625 Heiberg
455 3579 478 3618 ct
492 3578 590 3632 Mage,
621 3585 672 3628 ΠΙ,
943 3572 968 3620 ‘2
