2378 3832
111 162 174 226 140
495 162 698 215 ΣΤΟῙΧΕΙΩΝ
716 158 744 216 ι’.

108 310 137 370 Θ
155 301 264 390 μήκει·
293 299 313 389 ἡ
338 309 399 369 ΕΖ
424 301 490 392 άροι
512 307 571 390 τῆς
594 309 665 371 ΖΗ
688 308 799 390 μεῖζον
823 301 963 370 δύναται
987 311 1034 394 τῷ
1060 300 1130 370 άπὸ

108 410 298 497 συμμέτρου
330 409 441 497 ἑαυτῇ.
486 415 545 476 καί
569 412 634 477 εἰσι
662 408 759 497 ῥηταὶ
786 411 825 476 al
848 415 925 495 ΕΖ,
954 415 1038 495 ΖΗ,
1070 408 1129 476 καὶ

108 514 295 602 σύμμετρος
318 512 338 602 ἡ
363 523 425 584 ΕΖ
447 519 487 605 τῇ
513 524 546 583 Δ
568 515 673 604 μήκει.

170 619 216 688 Ἡ
233 627 307 688 ΕΗ
326 619 392 710 άροι
415 623 451 690 ἐκ
480 621 543 690 δύο
572 620 748 709 ὀνομάτων
775 621 844 690 ἐστὶ
870 620 999 710 πρώτη·
1044 618 1128 710 ὅπερ

73 751 89 799 ὁ
109 731 177 796 ἔδει
202 730 317 809 ὀεῑξοιι.
583 720 593 736 ’

586 817 653 904 pff.

176 937 330 1029 Εὑρεῖν
353 939 425 1026 τήν
450 942 490 1008 ἐκ
514 939 584 1008 ὀάο
610 938 816 1027 ὀνομάτων
841 940 1044 1028 δευτέραν.

173 1043 419 1115 Ἐκκείσθωσαν
447 1045 510 1115 δύο
536 1043 678 1134 ἀριθμοὶ
701 1049 737 1115 οἱ
755 1054 835 1132 ΑΓ,
858 1052 935 1132 ΓΒ,
959 1042 1047 1114 ὥστε
1069 1047 1128 1114 τὸν

109 1157 328 1240 συγκείμενον
352 1155 385 1235 ἐξ
409 1154 521 1222 αὐτῶν
544 1152 604 1222 τὸν
628 1160 694 1221 ΑΒ
717 1151 801 1243 πρὸς
824 1152 885 1241 μὲν
908 1150 970 1220 τόν
989 1159 1058 1221 ΒΓ
1073 1151 1127 1221 λό-

57 1291 90 1340 10
108 1284 170 1344 γον
199 1263 302 1346 ἔχειν,
331 1256 372 1328 ὃν
399 1260 605 1349 τετράγωνος
632 1258 777 1348 ἀριθμὸς
803 1258 886 1349 πρὸς
913 1258 1130 1348 τετράγωνον

108 1363 274 1452 άριθμόν,
298 1365 381 1452 πρὸς
405 1367 442 1435 δὲ
464 1365 525 1435 τόν
544 1373 613 1435 ΑΓ
631 1367 734 1453 λόγον
758 1365 802 1455 μή
826 1371 924 1453 ἔχειν,
949 1362 991 1434 ὃν
1013 1364 1130 1454 τετρά-

109 1494 218 1554 γωνος
241 1470 386 1560 ἀριθμὸς
408 1470 492 1560 ποός
513 1472 726 1559 τετράγωνον
745 1471 905 1561 ἀριθμόν,
927 1470 985 1538 καὶ
1003 1471 1129 1538 ἐκκείσ-

109 1585 163 1644 θω
188 1577 270 1665 ῥητή
293 1575 314 1666 ή
334 1587 378 1664 Δ,
401 1581 457 1646 καὶ
480 1588 519 1668 τῇ
540 1587 573 1645 Δ
592 1579 777 1668 σύμμετρος
801 1583 882 1646 ἔστω
901 1575 922 1664 ή
938 1584 1002 1645 ΕΖ
1017 1578 1131 1664 μήκει·

109 1683 192 1773 ῥητή
226 1685 292 1775 άρα
325 1686 415 1754 ἐστὶν
442 1683 463 1772 ή
492 1693 562 1753 ΕΖ.
607 1686 771 1771 γεγονέτω
802 1684 844 1772 δή
872 1685 929 1753 καὶ
958 1680 1003 1763 ὡς
1022 1681 1042 1752 ὁ
1062 1691 1129 1753 ΓΑ

58 1822 90 1871 15
109 1791 257 1880 ἀριθμὸς
284 1790 367 1877 πρὸς
393 1791 453 1860 τὸν
477 1799 557 1877 ΑΒ,
587 1789 693 1870 οὕτως
719 1788 757 1858 τὸ
786 1788 851 1858 ἀπὸ
876 1794 934 1877 τῆς
957 1797 1020 1856 ΕΖ
1043 1791 1129 1880 πρὸς

108 1897 146 1967 τὸ
170 1896 236 1968 άκο
259 1904 317 1987 τῆς
332 1906 410 1967 ΖΗ·
444 1897 634 1986 σύμμετρον
658 1895 724 1983 άροι
748 1895 815 1965 ἐστὶ
839 1895 876 1964 τὸ
902 1893 967 1963 άτιό
987 1906 1048 1984 τῆς
1067 1904 1128 1965 ΕΖ

108 2016 154 2097 τῷ
179 2004 243 2075 άπὸ
269 2016 328 2093 τῆς
351 2012 427 2073 ZH.
461 2004 542 2091 ῥητὴ
568 2003 634 2090 άρα
656 2001 727 2071 ἐστὶ
749 2004 804 2071 καὶ
828 2002 849 2090 ή
873 2010 949 2072 ΖΗ.
976 2003 1033 2070 καὶ
1058 2004 1128 2072 ἐπεὶ

110 2110 209 2180 ὁΓΑ
223 2107 369 2199 ἀριθμὸς
391 2110 475 2196 πρὸς
497 2110 557 2179 τὸν
572 2119 603 2177 A
609 2117 637 2177 Β
651 2109 754 2195 λόγον
774 2105 836 2178 οὐκ
855 2114 930 2196 ἔχει,
953 2104 994 2176 ὃν
1014 2109 1125 2199 τετρά-

109 2244 219 2305 γωνος
247 2215 394 2304 ἀριθμὸς
420 2215 504 2303 πρὸς
533 2217 743 2303 τετράγωνον
776 2213 942 2303 άρνθμόν,
976 2212 1059 2284 οὐδὲ
1088 2213 1127 2284 τὸ

56 2349 91 2399 ου
110 2321 176 2392 άτιό
199 2328 259 2410 τῆς
282 2330 345 2390 ΕΖ
367 2321 451 2409 πρὸς
473 2320 510 2388 τὸ
535 2322 600 2389 άπὸ
623 2327 681 2409 τῆς
702 2329 772 2390 ΖΗ
786 2320 889 2405 λόγον
913 2325 989 2408 ἔχει,
1013 2318 1056 2390 ὃν
1078 2348 1129 2390 τε·

108 2430 281 2518 τράγωνος
308 2427 454 2514 άριθμός
478 2425 562 2516 πρὸς
587 2427 798 2515 τετράγωνον
822 2425 979 2516 ἀριθμόν.
1021 2426 1128 2514 άσάμ-

109 2563 227 2626 μετρος
255 2534 320 2624 άροι
349 2534 440 2602 ἐστὶν
463 2531 484 2620 ή
510 2541 573 2601 ΕΖ
601 2538 640 2622 τῇ
665 2540 737 2601 ΖΗ
755 2533 863 2621 μήκει·
900 2535 937 2600 αἱ
958 2541 1034 2619 ΕΖ,
1059 2539 1133 2601 ΖΗ

109 2642 174 2733 άροι
198 2646 299 2732 ῥηταί
319 2645 384 2710 εἰσι
403 2640 546 2728 δυνάμει
569 2642 677 2727 μόνον
702 2641 897 2728 σύμμετροι·
921 2641 956 2707 ἐκ
976 2638 1041 2708 δύο
1060 2639 1128 2725 ἄρα

110 2749 286 2837 ὀνομάτων
310 2747 400 2816 ἐστὶν
424 2745 444 2834 ή
470 2754 546 2815 ΕΗ.

59 2879 94 2930 25
181 2854 341 2922 Δεικτέον
365 2851 419 2939 δή,
444 2850 495 2919 ὅτι
518 2852 573 2919 καὶ
598 2853 745 2936 δευτέρω.

183 3019 207 3068 2.
232 3011 304 3067 εἰσιν
327 3011 385 3067 ΡΒ.
464 3017 488 3066 3.
513 3007 690 3096 άσάμμετρος
712 3005 803 3097 ijo}-
824 3026 907 3079 eras.;
935 3010 1037 3066 deinde
1062 3012 1128 3068 add.

150 3103 203 3152 κει,
223 3084 277 3139 del.
297 3101 333 3137 m.
355 3090 378 3138 1.
451 3083 518 3138 Post¹
537 3100 620 3153 μήκει
639 3081 693 3135 del.
713 3099 885 3151 οισυμμετροι
903 3100 940 3138 m.
961 3088 975 3135 1
995 3082 1026 3139 F.
1101 3089 1126 3138 4.

110 3104 180 3226 ὀάεο
200 3153 260 3211 ἔδει
279 3155 385 3226 δεῖξαι]
405 3171 495 3224 comp.
512 3152 542 3222 P,
563 3168 617 3207 om.
636 3151 748 3208 BFVb.
804 3158 829 3206 6.
848 3149 877 3206 ν’
897 3153 929 3219 F,
948 3152 1031 3208 etsie
1046 3154 1126 3209 dein-

109 3243 185 3298 ceps.
258 3230 282 3280 8.
302 3224 370 3296 τόν]
394 3242 462 3281 corr.
481 3243 515 3280 ex
537 3219 570 3279 τό
589 3242 625 3277 m.
645 3229 660 3276 2
680 3222 714 3277 V.
788 3228 829 3278 11.
850 3227 902 3277 ΓΑ
921 3224 1008 3279 ssvb.
1082 3231 1124 3278 12.

108 3292 284 3367 τετράγωνος
301 3295 333 3351 Ε.
389 3302 430 3351 13.
450 3296 514 3367 ΕΖ]
535 3299 592 3349 ΖΗ
608 3292 694 3360 BVb,
713 3293 743 3348 in
757 3310 809 3348 ras.
825 3293 856 3363 F,
875 3312 911 3351 m.
926 3311 981 3349 rec.
996 3293 1025 3350 P.
1083 3302 1125 3349 14.

109 3363 179 3440 ὀσμή
199 3399 233 3410 -
253 3367 317 3438 ΕΖ]
338 3367 387 3422 καὶ
405 3363 423 3435 ἡ
443 3370 501 3420 ΖΗ
517 3361 574 3436 ἄρα
593 3361 662 3434 ῥητή
683 3361 758 3420 ἐστιν
776 3365 805 3420 F.
880 3367 942 3436 EZ]
964 3369 1021 3419 ZH
1037 3364 1124 3433 BVb,

107 3456 145 3495 m.
163 3456 218 3495 rec.
237 3438 267 3495 P.
348 3437 487 3507 γεγονέτω
507 3433 543 3503 δή
562 3437 627 3507 καί]
652 3435 702 3490 καὶ
720 3434 788 3491 ἔστω
814 3435 846 3490 V.
926 3433 959 3490 δέ
982 3437 1018 3502 Ε,
1042 3451 1126 3506 supra

98 3525 152 3565 ιον.
174 3508 219 3580 ὅγ’.
296 3514 338 3566 15.
358 3508 426 3583 ΕΖ]
449 3513 504 3565 ΗΖ
521 3508 557 3578 F,
576 3511 606 3562 et
624 3523 694 3564 cort.
713 3524 748 3562 ex
765 3511 824 3560 ΖΗ
839 3507 876 3570 V,
895 3511 952 3560 ΖΗ
968 3507 1029 3576 ssb,
1047 3506 1070 3560 P
1086 3523 1123 3563 m.

141 3081 148 3103 Ι
