2378 3832
122 173 188 237 314
509 173 709 227 Στοιαυιωω
727 168 756 227 ι’.

178 314 287 383 Ἔστω
312 317 413 402 μέσης
435 312 586 402 ἀποτομή
615 316 754 402 δευτέρα
782 313 908 401 ήΑΒ,
935 313 1022 403 ῥητή
1052 315 1090 382 δὲ
1116 312 1134 400 v}

122 429 199 507 ΓΔ,
227 422 283 489 καὶ
307 432 352 514 τῷ
376 418 441 490 άπο
464 426 522 509 τῆς
545 428 610 489 ΑΒ
639 430 715 490 ἴσον
742 445 832 508 παρα
854 418 917 508 τήν
940 427 1009 490 ΓΔ
1036 444 1135 508 παρα-

122 528 301 615 βεβλήσθω
325 527 361 598 τὸ
384 536 450 597 ΓΕ
470 527 594 608 πλάτος
616 532 738 597 ποιοῦν
762 531 824 615 τήν
848 533 922 595 ΓΖ·
959 528 1064 615 λέγω,
1087 527 1133 597 ὅτι

121 633 142 721 ἡ
167 641 227 703 ΓΖ
250 633 401 722 ἀποτομή
426 636 493 703 ἐστι
517 641 619 724 τρίτη.

86 768 103 816 σ
156 741 265 812 Ἔστω
289 746 353 828 γὰρ
377 747 416 832 vy}
440 750 505 810 AB
528 742 807 830 προσαρμόζουσα
834 739 856 829 v}
886 748 967 809 BH·
1009 745 1054 808 av‘-
1075 741 1132 830 ἄρα

121 857 206 931 ΑΗ,
230 856 298 917 ΗΒ
322 850 419 935 μέσαι
443 848 506 915 εἰσὶ
531 845 671 934 δυνάμει
694 847 804 934 μόνον
827 845 1011 935 σύμμετροι
1036 850 1132 935 μέσον

122 956 344 1041 περιέχουσαι.
381 954 436 1021 καὶ
458 958 503 1045 τῷ
528 953 589 1041 μὲν
613 952 678 1022 άπὸ
702 959 763 1041 τῆς
780 959 858 1023 ΑΗ
870 961 948 1021 ἴσον
966 978 1059 1043 παρα
1077 958 1131 1041 τήν

121 1065 189 1128 ΓΔ
216 1059 484 1148 παραβεβλήσθω
513 1063 552 1128 τὸ
580 1067 643 1128 ΓΘ
669 1060 793 1140 πλάτος
820 1064 943 1128 ποιοῦν
971 1064 1037 1148 τήν
1064 1066 1132 1146 ΓΚ,

121 1170 166 1257 τῷ
186 1165 224 1234 δέ
242 1164 308 1233 άπὸ
327 1169 385 1253 τῆς
405 1172 478 1234 ΒΗ
497 1173 572 1235 ἴσον
591 1165 681 1255 παρὰ
700 1169 763 1254 τήν
782 1173 848 1234 ΚΘ
865 1165 1132 1255 παραβεβλήσθω

70 1298 103 1347 10
121 1273 158 1341 τὸ
178 1280 212 1340 K
217 1280 247 1340 Λ
265 1271 389 1352 πλάτος
407 1276 529 1341 ποιοῦν
548 1271 609 1359 τήν
630 1279 718 1340 ΚΜ·
742 1270 824 1341 ὅλον
843 1271 908 1361 άρα
926 1275 966 1340 τὸ
981 1279 1043 1340 ΓΛ
1062 1281 1132 1341 ἴσον

121 1379 189 1447 ἐστὶ
213 1391 283 1456 τοῖς
306 1375 371 1445 άπὸ
399 1382 467 1446 των
491 1384 577 1463 AH,
601 1381 668 1444 ΗΒ
699 1382 771 1462 [καί
795 1379 863 1446 έστι
891 1380 976 1466 μέσα
1003 1381 1045 1447 τά
1072 1377 1132 1446 άπὸ

120 1488 187 1551 τῶν
202 1494 234 1550 Α
239 1488 283 1569 Η,
299 1490 334 1550 Η
339 1488 394 1567 Β]·
417 1484 519 1569 μέσον
539 1482 605 1571 άρα
622 1485 679 1551 καὶ
697 1482 735 1551 τὸ
754 1490 822 1552 ΓΛ.
848 1484 904 1552 καὶ
922 1482 1016 1571 παρὰ
1034 1482 1134 1574 ῥητήν

120 1592 183 1676 τὴν
206 1596 268 1657 ΓΔ
290 1591 538 1676 παραβέβληται
561 1591 685 1671 πλάτος
707 1595 829 1659 ποιοῦν
852 1589 914 1677 τὴν
938 1597 1025 1658 ΓΜ·
1053 1594 1132 1678 ῥητή

121 1693 187 1781 ἄρα
211 1697 301 1764 ἐστὶν
325 1694 345 1784 ἡ
369 1703 447 1765 ΓΜ
464 1697 521 1764 καὶ
544 1693 753 1786 ἀσύμμετρος
776 1701 816 1786 vy}
839 1703 907 1765 ΓΔ
928 1696 1037 1784 μήκει.
1082 1698 1134 1766 καὶ

68 1829 100 1878 15
121 1804 190 1870 ἐπεὶ
213 1801 295 1872 ὅλον
317 1801 355 1871 τὸ
378 1809 443 1870 ΓΛ
472 1812 547 1872 ἴσον
575 1803 644 1871 έστὶ
667 1816 737 1882 τοῖς
761 1801 825 1871 άπὸ
849 1807 918 1872 τῶν
941 1811 1031 1890 ΑΗ,
1055 1807 1133 1890 ΗΒ,

120 1900 168 1977 ὧν
191 1908 228 1978 τὸ
252 1916 319 1978 ΓΕ
340 1918 416 1978 ἴσον
441 1910 510 1978 ἐστὶ
532 1913 577 2003 τῷ
602 1908 668 1978 άπὸ
691 1913 750 1996 τής
768 1917 845 1993 ΑΒ,
867 1908 986 1978 λοιπὸν
1011 1908 1133 1997 ἄρατὸ

119 2023 183 2083 ΛΖ
207 2025 283 2085 λ’σον
307 2017 376 2085 έστὶ
398 2021 443 2108 vy}
467 2017 520 2096 δὶς
542 2014 608 2086 ὑπὸ
639 2020 708 2086 τῶν
731 2023 813 2102 ΑΗ,
836 2023 913 2084 HB.
959 2015 1133 2104 τετμήσθω

119 2113 218 2208 οὖνὴ
235 2130 312 2190 ΖΜ
325 2127 402 2211 δίχα
420 2122 554 2192 κατὰτὸ
570 2131 609 2190 Ν
623 2137 773 2211 σημεῖον,
797 2123 853 2190 ιιαὶ
873 2126 912 2212 vy}
927 2128 991 2191 ΓΔ
1009 2124 1134 2213 παράλ-

119 2235 219 2312 ληλος
241 2226 337 2314 ἤχθω
363 2226 381 2315 ἡ
406 2232 485 2307 ΝΞ·
510 2229 667 2318 ἑκάτερον
691 2228 756 2319 ἄρα
778 2232 847 2299 τῶν
871 2231 940 2314 ΖΞ,
963 2237 1038 2298 ΝΛ
1061 2239 1135 2299 ἴσον

67 2359 100 2407 20
120 2334 187 2400 ἐστὶ
217 2336 263 2425 τῷ
292 2331 357 2401 ὑπὸ
391 2338 459 2402 τάν
488 2344 575 2425 ΑΗ,
600 2344 676 2406 ΗΒ.
723 2338 827 2424 μέσον
856 2336 893 2405 δέ
915 2334 953 2404 τὸ
976 2334 1044 2405 ὑπὸ
1069 2341 1135 2406 των

120 2445 201 2525 AH,
216 2446 297 2508 ΗΒ·
321 2441 425 2528 μέσον
444 2441 510 2532 άρα
529 2444 597 2511 έστὶ
616 2444 672 2510 καὶ
690 2442 727 2511 τό
743 2449 816 2513 ΖΛ.
842 2443 898 2510 καὶ
916 2447 1007 2529 παρὰ
1030 2442 1134 2531 ῥητὴν

76 2550 81 2556 ’
119 2543 182 2632 τήν
210 2553 271 2613 ΕΖ
299 2547 493 2636 παράκειται
522 2547 645 2628 πλάτος
677 2560 799 2618 ποιοῦν
830 2548 893 2635 τήν
922 2557 1008 2620 ΖΜ·
1051 2552 1133 2639 ῥητή

118 2649 184 2739 άρα
214 2652 268 2719 καὶ
297 2650 319 2739 ἡ
347 2660 425 2720 ΖΜ
451 2653 507 2720 καὶ
540 2651 748 2740 ἀσύμμετρος
775 2664 814 2743 vy}
837 2661 899 2722 ΓΔ
927 2655 1032 2743 μήκει.
1080 2657 1134 2724 καὶ

119 2758 188 2824 έπεὶ
208 2761 245 2824 αἱ
262 2765 343 2844 AH,
359 2765 426 2825 ΗΒ
447 2757 589 2844 δυνάμει
608 2758 716 2846 μόνον
734 2759 799 2827 εἰσὶ
817 2759 1011 2848 σύμμετροι,
1030 2759 1135 2850 άσύμ-

67 2890 101 2938 25
120 2889 239 2949 μετρος
262 2862 326 2952 άρα
351 2866 446 2949 [ἐστὶ]
471 2864 567 2951 μήκει
594 2863 614 2951 v}
638 2873 715 2933 AH
738 2871 777 2955 vy}
801 2873 882 2933 ΗΒ·
919 2863 1134 2956 άσάμμετρον

119 2968 184 3058 άρα
209 2971 276 3038 έστλ
300 2972 415 3039 καὶτὸ
440 2969 505 3039 άπὸ
529 2975 588 3058 τής
610 2979 686 3040 ΑΗ
705 2975 750 3065 τῷ
774 2969 840 3041 ὑπὸ
859 2976 927 3042 τῶν
950 2980 1033 3058 ΑΗ,
1057 2981 1134 3042 ΗΒ.

120 3074 203 3144 ἀλλὰ
226 3081 271 3166 τῷ
297 3077 357 3163 μέν
381 3077 444 3146 άπὸ
469 3083 527 3165 τῆς
546 3090 578 3146 A
586 3086 622 3147 H
641 3078 810 3167 σύμμετρά
835 3082 903 3148 ἐστι
921 3080 961 3147 τά
981 3077 1047 3149 άπὸ
1067 3085 1134 3149 τῶν

192 3314 214 3361 1.
244 3305 313 3378 μέση
342 3308 401 3362 BV.
486 3307 621 3380 δευτέρα]
650 3311 679 3364 in
701 3327 756 3366 τρε.
785 3309 818 3366 V.
899 3316 924 3367 4.
953 3311 1032 3380 τρίτη
1058 3307 1131 3366 ἐστίν

120 3377 233 3434 BFVb.
307 3384 331 3433 9.
351 3380 419 3450 ΚΘ]
441 3395 510 3434 corr.
535 3398 569 3436 ex
591 3383 643 3435 ΓΘ
662 3381 695 3436 V.
771 3387 811 3435 10.
832 3381 911 3452 ΚΜ]
931 3397 1001 3436 corr.
1021 3398 1055 3437 ex
1080 3385 1132 3436 Κλ

114 3450 238 3507 mv.
314 3451 381 3526 ΓΛ]
408 3467 531 3508 nomez
556 3456 608 3506 ΚΛ
632 3452 666 3506 V.
740 3457 781 3506 11.
801 3454 964 3508 ναί-12,
985 3453 1057 3524 ΗΒ]
1079 3470 1130 3508 om.

101 3520 335 3595 FVb‚m.2B.
398 3531 440 3584 13.
462 3520 600 3599 ρηιὸνΡ.
655 3522 1042 3591 mmmmm.
1090 3530 1133 3575 ω,
