2378 3832
100 160 165 225 338
486 161 687 213 ΣΤΟΙΧΕΙΩΝ
705 155 733 214 ι’.

22 308 25 315 ’
100 301 290 389 σύμμετρον
320 303 360 369 δέ
385 298 514 369 ἔστιτὸ
538 297 604 368 ἀπὸ
627 303 840 391 τῆςΒΕτςό
864 297 1012 386 ἄποτῆς
1036 307 1113 366 ΔΖ·
1173 343 1176 352 -

100 407 290 494 σύμμετρον
314 405 380 493 ίίρα
403 407 459 474 καὶ
482 405 519 474 τό
546 412 765 494 συγκείμενον
793 409 830 475 έκ
856 408 924 474 τών
952 403 1018 473 ἀπὸ
1047 416 1114 473 τών

100 520 179 597 ΑΕ,
197 520 261 580 ΕΒ
284 514 501 600 τετραγώνων
518 516 564 604 τῷ
584 514 788 604 συγκειμένῳ
809 514 844 580 έκ
866 515 935 580 τών
957 509 1022 580 ἀπὸ
1047 516 1113 580 τών

100 624 173 704 ΓΖ,
197 627 264 687 ΖΔ
286 618 514 705 τετραγώνων.
555 617 659 707 ῥητὸν
682 619 722 687 δέ
743 621 812 687 ἐστι
833 617 872 688 τὸ
895 625 1116 706 συγκείμενον

65 727 136 797 σέκ
164 736 232 794 τών
260 722 326 793 ἀπὸ
354 729 423 793 των
451 732 533 810 ΑΕ,
556 731 619 792 ΕΒ
647 724 883 811 τετραγώνων·
920 726 1023 814 ῥητὸν
1051 723 1115 812 ἄρα

99 832 168 900 ἐστὶ
202 831 259 899 καὶ
290 830 328 900 τὸ
357 836 576 918 συγκείμενον
604 833 641 899 ἐκ
667 835 736 899 τών
763 830 827 899 ἀπὸ
856 835 924 899 τών
946 836 1024 916 ΓΖ,
1049 838 1116 897 ΖΔ

98 937 326 1026 τετραγώνων.
372 935 501 1023 πάλιν,
520 939 593 1005 ἐπεί
617 940 708 1030 ἐστιν
737 935 783 1018 ὡς
809 941 846 1007 τὸ
875 935 940 1007 ἀπὸ
968 941 1028 1024 τῆς
1051 943 1119 1004 ΑΕ

96 1043 181 1129 πρὸς
209 1041 246 1111 τὸ
273 1040 341 1111 ὑπο
369 1052 437 1111 τών
460 1050 543 1129 ΑΒ,
566 1050 646 1129 ΕΒ,
681 1039 788 1123 οὕτως
813 1041 852 1112 τὸ
880 1040 945 1112 ἀπὸ
973 1047 1032 1129 τῆς
1055 1049 1117 1111 ΓΖ

98 1147 183 1236 πρὸς
205 1146 242 1216 τὸ
267 1145 333 1216 ὑπὸ
362 1158 429 1216 τῶν
449 1154 520 1235 ΓΖ,
541 1156 568 1216 Ζ
575 1157 618 1235 Δ,
643 1148 833 1236 σύμμετρον
857 1148 895 1216 δὲ
917 1148 954 1217 τὸ
974 1146 1040 1216 ἀπὸ
1059 1152 1118 1235 τῆς

48 1279 81 1327 10
100 1262 169 1322 ΑΕ
198 1253 408 1342 τετράγωνον
437 1259 482 1346 τῷ
515 1251 580 1323 ἀπὸ
611 1259 669 1341 τῆς
696 1260 756 1322 ΓΖ
788 1253 1003 1346 τετραγώνῳ,
1035 1254 1116 1341 σύμ-

99 1387 219 1450 μετρον
239 1359 306 1449 ίίρα
329 1361 399 1429 έστὶ
421 1361 533 1429 καὶτὸ
552 1358 619 1429 ὑπὸ
638 1363 707 1428 τών
721 1368 754 1428 Α
760 1368 799 1446 Ε,
815 1368 878 1429 ΕΒ
896 1364 942 1452 τῷ
961 1357 1028 1429 ὑπὸ
1047 1363 1116 1428 τών

97 1473 174 1552 ΓΖ,
199 1474 274 1533 ΖΔ.
324 1468 428 1552 μέσον
462 1467 499 1562 δέ
531 1466 569 1536 τὸ
603 1464 669 1536 ὑπὸ
697 1478 766 1535 τών
794 1475 876 1553 ΑΕ,
899 1474 974 1534 ΕΒ·
1012 1468 1116 1554 μέσον

97 1570 164 1659 ίίρα
187 1572 242 1639 καὶ
265 1571 303 1640 τὸ
327 1570 392 1641 ὑπὸ
421 1584 489 1642 τών
513 1579 584 1660 ΓΖ,
609 1580 688 1641 ΖΔ·
725 1575 763 1639 αί
784 1579 860 1658 ΓΖ,
885 1580 952 1640 ΖΔ
975 1570 1041 1660 ἄρα
1061 1576 1115 1640 ὃν·

98 1677 197 1766 νέμει
226 1679 312 1746 εἰσὶν
342 1677 553 1768 ἀσύμμετροι·
568 1689 726 1748 ποιοῦσαι
748 1678 786 1747 τὸ
811 1678 873 1767 μὲν
896 1684 1117 1766 συγκείμενον

49 1809 81 1857 15
101 1785 135 1851 ἐκ
153 1788 221 1852 τών
240 1784 287 1852 ἀπ
289 1780 433 1853 ἀὐτῶν
450 1784 670 1874 τετραγώνων
684 1783 798 1872 ῥητόν,
817 1783 854 1853 τὸ
876 1782 907 1852 δ’
929 1782 985 1853 ὑπ’
1003 1781 1116 1852 αὐτῶν

122 1891 211 1958 έσον.

29 1966 36 1977 ·
98 1918 120 1977 μ
162 1993 377 2066 Ἐίασσων”
356 2022 422 2084 αρα
445 1992 576 2063 ἐστίν
559 2023 579 2082 η
603 2001 678 2063 ΓΔ·
704 1995 784 2085 ὅπερ
808 2001 876 2064 ἔδει
899 1969 1014 2077 δεῖξαι.

574 2170 638 2258 ις’·
1053 2250 1055 2255 ,

168 2292 214 2362 Η
242 2300 286 2383 τῇ
320 2293 416 2382 μετὰ
449 2298 571 2383 ῥητοῦ
599 2297 722 2382 μέσον
749 2321 792 2363 το
822 2293 915 2364 ὅλον
943 2295 1115 2426 ποιοώσιγ

43 2425 79 2475 20
98 2401 321 2490 σύμμετρος
344 2400 438 2490 μετὰ
462 2405 584 2518 ρητοῦ
608 2403 729 2488 μέσον
751 2429 794 2470 το
820 2399 915 2469 ὅλον
938 2403 1114 2471 ποιοῦσά

101 2509 223 2576 ἐστιν.

46 2688 48 2693 ⁸
156 2613 264 2683 Ἔστω
293 2618 372 2702 μετὰ
402 2617 507 2703 ῥητοῦ
534 2615 637 2702 μέσον
666 2613 703 2682 τὸ
728 2611 811 2683 ὅλον
833 2616 977 2682 ποιουσα
1000 2610 1021 2699 ἡ
1046 2622 1114 2682 ΑΒ

98 2721 154 2787 καὶ
182 2724 221 2808 τῇ
245 2727 311 2788 ΑΒ
341 2719 528 2809 σύμμετρος
555 2717 576 2805 ἡ
599 2725 673 2786 ΓΔ·
709 2709 812 2805 Ιλέγω,
843 2719 894 2788 ὅτι
921 2719 978 2786 καὶ
1004 2717 1026 2806 ἡ
1050 2726 1115 2787 ΓΔ

98 2825 178 2911 μετὰ
204 2828 307 2912 ῥητοῦ
331 2829 435 2913 μέσον
458 2829 495 2893 τὸ
520 2822 601 2893 ὅλον
624 2825 769 2894 ποιοῦσά
793 2828 892 2894 ἐστιν.

44 2954 78 3003 25
160 2929 264 2997 Ἐστω
289 2929 352 3018 γὰρ
374 2936 415 3020 τῇ
439 2938 503 2999 ΑΒ
527 2931 805 3020 προσαρμόζουσα
828 2929 848 3018 ἡ
873 2938 948 2999 ΒΕ
980 2934 1017 2998 αί
1033 2940 1113 3018 ΑΕ,

98 3043 162 3104 ΕΒ
190 3035 256 3119 ίίρα
286 3036 427 3124 δυνάμει
456 3038 543 3105 είσὶν
570 3035 774 3124 ἀσύμμετροι
801 3041 959 3121 ποιοῦσαι
986 3035 1024 3104 τὸ
1049 3037 1113 3124 μὲν

98 3149 316 3228 συγκείμενον
344 3144 379 3210 έκ
408 3147 475 3210 τών
503 3142 568 3211 ἀπὸ
597 3147 665 3211 τών
693 3150 774 3228 ΑΕ,
803 3150 866 3209 ΕΒ
893 3145 1113 3230 τετραγώνων
1170 3145 1173 3152 ’

171 3349 339 3410 ΙΗέστινΡ
396 3352 441 3440 τό]
462 3373 530 3410 corr
551 3372 585 3410 ex
603 3357 641 3430 τῷ
660 3372 696 3410 m.
713 3354 778 3438 IV,
796 3372 830 3410 ex
848 3351 883 3409 τά
902 3357 937 3425 (κ)
955 3355 989 3437 V.
1045 3358 1111 3428 ΔΖ]

90 3360 198 3481 ΖΔΡΙ
274 3431 299 3482 3
320 3421 498 3520 τετράγωνον
517 3429 562 3482 Pb
582 3411 630 3482 et
630 3443 719 3495 comp
738 3426 790 3482 ins.
810 3444 845 3481 m
868 3426 1112 3494 1V.·4.1⁷A‚

76 3499 181 3555 ΔΖΒ.
261 3504 287 3556 ὅ.
314 3495 457 3573 ρηταίΕ,
481 3499 535 3558 sed
552 3515 624 3556 eon.
694 3493 822 3567 Μετῆ
842 3494 946 3552 είοίῐέ
1015 3504 1040 3552 ⁷
1064 3497 1111 3568 τό]
