2378 3832
98 167 165 232 244
485 165 686 219 ΣΤΟΙΧΕΙΩΝ
704 162 732 218 ι’.
808 164 810 171 '

97 308 161 395 τήν
184 314 271 375 ΕΜ·
308 305 391 396 ῥητή
420 305 485 394 άρα
508 307 599 375 ἐστὶν
622 306 643 393 ἡ
667 312 747 374 ΕΜ
764 306 819 374 καὶ
842 303 1052 400 ἀσύμμετρος
1073 307 1114 393 πή

99 422 162 482 ΕΖ
184 413 290 502 μήκει.
336 414 453 497 πάλιν,
483 412 552 481 ἐπεὶ
575 414 678 501 μέσον
702 413 771 480 ἐστὶ
793 411 831 480 τὸ
855 409 921 480 ὑπὸ
945 421 1014 478 τῶν
1037 416 1115 496 AF,

99 526 176 604 ΓΒ,
201 519 318 588 καὶτὸ
343 519 396 600 δὶς
417 517 483 588 ὑπὸ
511 530 579 587 τῶν
603 524 678 604 AF,
701 524 763 587 ΓΒ
786 519 889 606 μέσον
913 519 1013 586 ἐστίν.
1058 522 1120 584 καί

101 628 192 694 ἐστιν
216 635 292 708 ἴσον
315 629 361 719 τῷ
380 633 460 694 ΘΗ·
483 626 539 693 καὶ
562 623 600 693 τὸ
623 633 692 693 ΘΗ
714 623 781 713 άρα
803 626 906 713 μέσον
930 625 1030 692 ἐστίν.
1057 624 1116 691 καὶ

64 731 190 820 ὅπαρὰ
219 731 325 821 ῥητήν
351 729 413 817 τήν
440 738 503 799 ΕΖ
530 730 725 819 παράκειται
752 729 876 809 πλάτος
902 733 1024 798 ποιοῦν
1051 727 1116 815 τὴν

101 845 187 906 ΘΜ·
211 836 293 926 ῥητή
312 836 378 925 άρα
398 837 466 904 ἐστὶ
484 839 540 904 καὶ
558 864 579 923 η
599 844 676 904 ΘΜ
689 836 744 904 καὶ
762 833 972 925 ἀσύμμετρος
989 839 1030 924 πή
1050 842 1114 903 ΕΖ

98 943 203 1032 μήκει.
238 944 294 1011 καὶ
318 943 387 1010 ἐπεὶ
411 947 448 1010 αί
466 948 541 1029 AF,
556 949 617 1012 ΓΒ
641 943 782 1030 δυνάμει
801 943 910 1029 μόνον
929 941 1114 1030 σύμμετροί

99 1054 196 1135 εἰσιν,
221 1045 430 1137 ἀσύμμετρος
452 1047 517 1136 άρα
540 1049 631 1117 ἐστὶν
654 1046 675 1136 ἡ
699 1059 731 1116 Α
738 1055 768 1117 Γ
785 1051 825 1137 πή
845 1053 905 1115 ΓΒ
928 1049 1034 1135 μήκει.
1069 1044 1113 1127 ὡς

101 1153 138 1222 δδ
160 1151 181 1240 ἡ
206 1159 276 1222 AF
293 1152 377 1242 πρὸς
398 1154 461 1241 τήν
484 1161 562 1241 FB,
596 1153 704 1236 οὕτως
726 1157 795 1223 ἐστὶ
817 1154 855 1223 τὸ
879 1152 945 1222 άπὸ
969 1155 1028 1241 τῆς
1050 1158 1119 1222 ΑΓ

48 1287 81 1336 10
100 1260 185 1350 πρὸς
206 1260 244 1329 τὸ
269 1258 335 1329 ὑπὸ
359 1264 427 1329 τῶν
449 1268 525 1347 AF,
550 1268 625 1329 ΓΒ·
659 1259 871 1349 ἀσύμμετρον
894 1257 960 1348 άρα
984 1261 1053 1328 ἐστὶ
1076 1257 1115 1327 τὸ

100 1365 165 1435 άπὸ
188 1377 247 1454 τῆς
267 1372 336 1436 AF
352 1372 397 1460 τῷ
421 1364 487 1435 ὑπὸ
506 1371 574 1435 τῶν
595 1374 671 1451 AF,
689 1374 760 1435 ΓΒ.
797 1363 882 1434 ἀλλὰ
900 1369 946 1458 τῷ
965 1364 1028 1453 μδν
1047 1362 1114 1432 άπδ

99 1477 158 1558 τῆς
182 1483 214 1540 Α
220 1479 252 1540 Γ
271 1470 441 1560 σύμμετρά
464 1469 596 1539 ἐστιτὰ
620 1469 686 1539 άπὸ
710 1475 778 1538 τῶν
802 1475 877 1556 AF,
901 1476 975 1556 ΓΒ,
1005 1474 1052 1563 τῷ
1077 1473 1116 1538 δὲ

102 1574 162 1646 ὑπό
199 1581 268 1647 τῶν
294 1584 376 1664 AF,
401 1583 461 1645 ΓΒ
495 1577 685 1666 σύμμετρόν
713 1579 782 1644 ἐστι
809 1576 847 1644 τὸ
876 1575 927 1655 δὶς
953 1571 1019 1643 ὑπὸ
1045 1587 1117 1644 τῶν

101 1692 177 1771 AF,
200 1691 261 1753 FB
268 1707 274 1722 ·
308 1683 500 1772 ἀσύμμετρα
523 1683 590 1769 άρα
614 1683 683 1752 ἐστὶ
705 1681 747 1750 τὰ
769 1678 835 1750 άπὸ
862 1692 931 1750 τῶν
952 1687 1029 1767 AF,
1052 1687 1117 1750 FB

49 1816 82 1865 15
100 1796 145 1885 τῷ
171 1792 223 1872 δὶς
245 1789 311 1860 ὑπο
330 1795 399 1860 τῶν
422 1797 497 1875 AF,
516 1796 586 1858 FB.
622 1794 681 1857 καί
697 1790 765 1857 ἐστι
787 1801 859 1868 τοῖς
881 1786 941 1874 μὲν
960 1785 1027 1855 άπὸ
1046 1792 1117 1856 τῶν

100 1905 179 1984 AF,
204 1905 266 1966 FB
295 1906 370 1966 ἴσον
393 1895 432 1967 τὸ
455 1904 539 1984 BH,
571 1907 617 1988 τῷ
642 1893 680 1962 δὲ
703 1894 755 1974 δὶς
773 1892 839 1962 ὑπὸ
862 1898 930 1962 τῶν
954 1899 1029 1979 AF,
1052 1899 1117 1962 FB

101 2013 178 2073 ἴσον
201 2002 237 2072 ιδ
262 2012 343 2072 ΗΘ·
385 2002 598 2090 ἀσύμμετρον
626 1999 692 2089 άρα
720 2001 789 2069 ἐστὶ
816 1999 854 2067 τὸ
877 2007 952 2067 ΕΗ
968 2004 1014 2092 τῷ
1039 2007 1115 2069 ΘΗ.

102 2107 146 2189 ὡς
169 2108 207 2177 δδ
229 2108 266 2175 τὸ
291 2115 366 2176 ΕΗ
383 2107 466 2193 πρὸς
488 2107 526 2176 τὸ
549 2115 628 2195 ΘΗ,
652 2105 758 2186 οὕτως
781 2107 871 2175 ἐστὶν
895 2102 916 2192 ή
936 2113 1016 2174 ΕΜ
1032 2104 1114 2194 πρὸς

101 2211 163 2299 τήν
182 2219 268 2279 ΘΜ·
293 2209 502 2300 άσόμμειρος
524 2211 589 2300 άρα
609 2214 699 2281 ε’σιὶν
721 2210 742 2300 ή
762 2219 841 2280 ΕΜ
858 2215 897 2300 πή
918 2219 990 2279 ΜΘ
1008 2211 1116 2299 μήκει.

50 2345 84 2395 20
103 2324 162 2386 καί
182 2323 269 2386 εἰσιν
292 2316 478 2405 άμφόιεραι
503 2321 622 2406 ρήταίὲ
650 2322 688 2386 αἱ
713 2325 801 2404 ΕΜ,
824 2324 897 2386 ΜΘ
924 2315 990 2404 άρα
1017 2320 1120 2406 ῥηταί

103 2429 168 2493 εἰσι
193 2422 335 2511 δυνάμει
358 2422 465 2511 μόνον
487 2428 682 2514 σύμμετροι·
715 2422 867 2511 άποτομή
890 2422 955 2512 άρα
979 2423 1071 2492 ἐστὶν
1095 2421 1116 2510 ή

102 2538 176 2618 ΕΘ,
200 2528 478 2623 προσαρμόζουσα
502 2529 540 2598 δὲ
562 2527 646 2619 αὐτῇ
669 2526 691 2616 ἡ
714 2537 795 2622 ΘΜ
836 2527 959 2621 ὁμοίως
983 2527 1026 2615 δή
1049 2532 1116 2597 δεί-

104 2640 215 2727 ξομεν,
239 2636 292 2707 ὅτι
314 2637 370 2705 καὶ
392 2634 413 2723 ἡ
437 2644 509 2705 ΘΝ
528 2635 612 2727 αὐτῇ
631 2635 865 2726 προσαρμόζει·
890 2639 930 2725 πή
950 2633 1015 2723 άρα
1034 2633 1115 2704 άπο-

101 2756 186 2832 τομῇ
207 2741 290 2831 άλλη
309 2744 365 2812 καὶ
379 2742 463 2830 άλλη
477 2743 699 2833 προσαρμόζει
713 2741 831 2811 εὐθεῖα
848 2745 988 2829 δυνάμει
1007 2740 1114 2829 μόνον

51 2875 86 2925 οε
104 2849 290 2938 σύμμετρος
313 2843 398 2918 οὖσα
420 2853 459 2938 πή
484 2848 559 2939 ὅλή·
592 2847 671 2938 ὅπερ
695 2849 785 2917 ἐστὶν
808 2847 989 2917 άδόναιου.

173 2958 221 3043 Τή
245 2952 311 3043 άρα
334 2955 435 3041 μέσης
458 2954 608 3044 ἀποτομῇ
633 2955 772 3046 δευτέρα
799 2959 858 3042 μία
885 2952 991 3041 μόνον
1015 2971 1113 3042 προσ·

175 3156 200 3205 1.
220 3149 300 3222 EM]
315 3149 387 3219 (αι.)
402 3151 465 3204 κν
476 3151 525 3219 ιι,
544 3153 607 3205 ME
622 3151 648 3205 b.
700 3155 725 3205 2.
742 3147 816 3205 ειιιι
830 3151 862 3206 ι.
913 3156 937 3205 ε.
954 3150 997 3213 ας
1010 3145 1067 3220 ἄρα
1080 3149 1113 3204 v.

140 3216 228 3293 ἐστίν]
246 3221 282 3290 L,
306 3236 396 3290 comp.
415 3221 473 3290 Fb,
499 3216 559 3276 ἐστί
579 3221 668 3276 PBV.
740 3226 766 3276 4.
785 3222 822 3290 τῷ
844 3221 918 3292 ΘΗ]
943 3237 998 3275 om.
1017 3221 1054 3290 L,
1077 3238 1112 3274 m.

19 3308 22 3313 ·
103 3291 198 3374 ΞΒ..
245 3287 338 3416 ἐστινὸ
353 3291 389 3359 L,
414 3292 581 3378 09113p.Fb,
606 3287 767 3346 ἐσιίΡΒΕ.
841 3298 865 3347 6.
891 3288 966 3346 ἐστίν
985 3292 1015 3346 L.
1064 3298 1113 3380 2⁷·

104 3363 169 3493 {H
185 3379 221 3490 1²³¹?
238 3379 346 3489 Μαί
362 3363 819 3503 ιιιῖἷιῖῗὲἔῖρῗῖδιῗθδδοᾚ.
838 3358 1039 3488 ιδιῖπίἌδ
1058 3379 1114 3487 {B

65 3503 197 3599 ffimB'
254 3509 297 3565 11.
317 3503 390 3580 ΑΓ]
411 3502 511 3579 (prius)
531 3524 552 3576 φ
572 3506 643 3577 (non
656 3504 692 3572 Ε,
706 3433 810 3558 Ἀεάνοίδ
827 3506 868 3571 135.
927 3508 970 3557 12.
989 3499 1064 3558 ἐστιν
1081 3503 1111 3557 Ρ.
