2378 3832
105 145 170 211 208
492 143 694 200 ΣΤΟΙΧΕΙΩΝ
715 142 743 204 ι’.

106 283 127 373 ἡ
151 292 219 354 ΓΔ
241 309 323 373 προς
349 283 412 373 τὴν
435 290 514 354 ΔΖ·
555 288 612 355 καὶ
640 286 686 368 ὡς
712 285 779 377 ἄρα
805 289 844 356 τὸ
871 283 936 353 ἀπὸ
966 287 1027 368 τῆς
1054 283 1120 351 ΑΒ

105 417 189 478 προς
210 395 247 461 τὸ
271 388 336 461 ἄπο
360 396 418 479 τῆς
441 400 515 480 ΒΕ,
539 390 645 474 οὕτως
667 392 705 463 τὸ
728 392 793 462 ἀπὸ
817 395 876 479 τῆς
894 395 957 459 ΓΔ
978 393 1065 477 πρὸς
1081 387 1120 458 τὸ

107 495 172 567 οάιὸ
194 502 253 585 τῆς
272 507 305 566 Δ
311 507 347 567 Ζ.
384 496 509 586 ὁμοίως
527 499 570 587 δὴ
590 503 754 587 δείξομεν,
776 498 835 568 ὅτι.
850 497 906 566 καὶ
928 493 974 576 ὡς
996 498 1035 564 τὸ
1054 492 1120 564 ἀπὸ

106 609 165 691 τῆς
182 611 248 673 AR
271 608 355 694 πρὸς
375 607 414 675 τὸ
438 604 504 674 ἀπὸ
527 610 586 693 τῆς
604 614 681 692 ΑΕ,
704 606 811 686 οὕτως
832 608 870 673 τὸ
893 601 959 672 ἀπὸ
979 605 1040 689 τῆς
1059 607 1123 670 ΓΔ

73 709 190 799 δαρὸς
211 710 250 780 τὸ
274 708 339 779 ἀπὸ
365 715 424 799 τῆς
446 718 516 779 ΓΖ.
541 713 617 803 ,καὶ
648 711 693 792 ὥς
720 711 786 801 ἄρα
812 711 851 780 τὸ
877 708 941 777 ἀπὸ
968 711 1029 795 τῆς
1055 715 1122 776 ΑΒ

106 819 191 903 πρὸς
218 816 258 885 τὰ
283 815 348 885 ἀπὸ
376 827 445 885 τῶν
467 825 547 905 ΑΕ,
570 826 648 904 ΕΒ,
683 817 789 898 οὕτως
815 813 946 885 τὸ’ἀπὸ
974 817 1033 902 τῆς
1055 819 1122 882 ΓΔ

107 921 191 1011 πρὸς
212 921 253 988 τὰ
277 920 342 989 ἀπὸ
365 932 433 990 τῶν
462 928 538 1009 ΓΖ,
563 931 642 991 ΖΛ·
683 924 740 992 καὶ
767 919 909 1003 ἐναλλὰξ
936 918 1003 1010 ἄρα
1029 919 1119 988 ἐστὶν

108 1055 153 1107 ως
176 1025 213 1095 τὸ
237 1024 303 1094 ἀπὸ
322 1031 381 1114 τῆς
402 1035 468 1096 ΑΒ
496 1031 581 1113 πρὸς
607 1029 644 1098 τὸ
668 1026 734 1097 ἀπὸ
756 1032 816 1116 τῆς
837 1033 919 1113 ΓΔ,
948 1024 1054 1106 οὕτως
1079 1024 1121 1093 τὰ

108 1131 174 1199 ἀπὸ
196 1135 264 1200 τῶν
287 1140 365 1219 ΑΕ,
389 1140 451 1200 ΕΒ
474 1133 559 1221 πρὸς
580 1134 621 1202 τὰ
644 1132 709 1204 ἀπὸ
732 1139 800 1203 τῶν
822 1140 894 1219 ΓΖ,
919 1140 994 1201 ΖΛ.
1040 1130 1124 1218 σύμ-

57 1264 90 1314 10
109 1234 239 1323 μετρον
255 1238 293 1306 δὲ
314 1238 352 1307 τὸ
371 1238 437 1307 ἀπὸ
460 1244 518 1325 τῆς
536 1247 605 1308 ΑΒ
628 1245 673 1333 τῷ
693 1240 759 1308 ἀπὸ
777 1245 836 1328 τῆς
854 1246 928 1308 ΓΔ·
952 1237 1125 1325 σύμμετρα

109 1340 174 1424 ἄρα
196 1343 252 1411 καὶ
274 1343 315 1411 τὰ
338 1343 404 1413 ἀπὸ
427 1350 495 1413 τῶν
519 1354 597 1432 ΑΕ,
611 1354 676 1414 ΕΒ
698 1361 768 1426 τοῖς
786 1345 851 1415 ἀπὸ
869 1349 938 1413 τῶν
957 1350 1031 1430 ΓΖ,
1047 1351 1121 1411 ΖΔ.

109 1453 168 1515 καί
188 1451 258 1518 ἐστι
279 1454 320 1518 τὰ
343 1447 408 1519 ἀπὸ
432 1455 501 1519 τῶν
518 1460 597 1537 ΑΕ,
612 1459 675 1520 ΕΒ
699 1450 768 1539 ἅμα
787 1451 900 1540 ῥητόν,
923 1450 980 1518 καὶ
997 1451 1036 1518 τὰ
1053 1447 1118 1516 ἀπὸ

83 1616 87 1627 ,
109 1558 178 1622 τῶν
201 1561 273 1640 ΓΖ,
293 1563 359 1623 ΖΔ
382 1554 450 1643 ἅμα
473 1556 575 1645 ῥητόν
599 1559 698 1626 ἐστιν.
735 1555 856 1644 ὁμοίως
879 1555 917 1623 δὲ
939 1557 995 1624 καὶ
1013 1555 1051 1624 τὸ
1069 1554 1121 1634 δὶς

109 1658 175 1730 ὑπο
207 1673 275 1731 τῶν
307 1671 387 1749 ΑΕ,
410 1670 475 1731 ΕΒ
507 1662 697 1751 σύμμετρόν
725 1665 794 1732 ἐστι
820 1666 865 1756 τῷ
889 1663 942 1743 δὶς
963 1658 1031 1730 ὑπὸ
1055 1664 1123 1729 τῶν

58 1794 91 1843 15
110 1773 186 1855 ΓΖ,
210 1777 286 1839 ΖΔ.
330 1776 389 1838 καί
410 1773 478 1838 ἐστι
501 1773 604 1857 μέσον
626 1769 664 1838 τὸ
687 1770 740 1849 δὶς
759 1765 828 1839 ὑπὸ
849 1773 918 1837 τῶν
939 1774 1022 1852 ΑΕ,
1046 1773 1124 1834 ΕΒ·

110 1874 214 1960 μέσον
237 1872 303 1963 ἅμα
325 1875 381 1942 καὶ
403 1873 441 1943 τὸ
465 1875 517 1956 δὶς
539 1874 605 1944 ὑπὸ
629 1879 696 1944 τῶν
715 1880 786 1963 ΓΖ,
806 1883 882 1944 ΖΔ.
909 1877 947 1942 αἱ
962 1877 1035 1959 ΓΖ,
1056 1879 1125 1940 ΖΔ

111 1976 176 2068 ἄρα
199 1979 341 2067 δυνάμει
364 1978 571 2070 ἀσύμμετροί
590 1985 654 2048 εἰσι
676 1985 834 2049 ποιοῦσαι
856 1979 894 2049 τὸ
913 1979 975 2066 μὲν
993 1984 1124 2066 συγκεί-

111 2110 215 2170 μενον
238 2087 274 2152 ἐα
295 2090 362 2154 τῶν
385 2083 443 2153 ἀπ’
469 2084 581 2155 αὐτῶν
603 2085 821 2173 τετραγώνων
849 2085 917 2173 ἅμα
940 2084 1057 2173 ῥητόν,
1083 2081 1123 2152 τὸ

112 2187 150 2255 δὲ
174 2189 225 2268 δὶς
247 2187 304 2257 ὑπ’
331 2188 443 2259 αὐτῶν
467 2194 582 2277 μέσον·
606 2188 666 2278 ὅλη
686 2188 752 2280 ἄρα
770 2188 791 2278 ἡ
810 2197 873 2259 ΓΔ
890 2189 1014 2278 ἄλογός
1031 2192 1124 2259 ἐστιν

58 2291 132 2380 2οὴ
154 2297 343 2382 καλουμένη
367 2303 496 2382 μείζων.

173 2396 217 2467 Ἡ
239 2397 304 2486 ἅμα
326 2404 366 2490 τῇ
389 2407 515 2488 μείζονι
538 2402 725 2492 σύμμετρος
752 2409 872 2490 μείζων
900 2405 1004 2471 ἐστίν·
1042 2401 1123 2487 ὅπερ

112 2510 180 2575 ἔδει
199 2509 313 2589 δεῖξαι.

586 2614 652 2696 ἔθ’.

174 2736 219 2804 Ἡ
237 2741 280 2826 τῇ
304 2734 426 2824 ῥητὸν
448 2737 512 2804 καὶ
535 2740 656 2823 μέσον
680 2740 884 2828 δυναμένῃ
904 2739 1126 2826 σύμμετρος

59 2866 94 2917 υυ
114 2842 195 2927 [καὶ
219 2839 335 2929 αὐτὴ]
360 2841 480 2930 ῥητὸν
502 2849 567 2911 καὶ
590 2845 712 2932 μέσον
735 2846 936 2932 δυναμένη
960 2847 1079 2912 ἐστίν.

112 2984 325 2999 ὴ-ι-

185 3060 208 3109 1.
227 3051 279 3124 τὴν
298 3056 361 3127 ΔΖ]
381 3059 433 3111 ΔΒ
452 3058 521 3111 mut.
539 3056 569 3113 in
586 3060 640 3110 ΔΖ
656 3073 694 3110 m.
708 3072 763 3111 reo.
781 3055 817 3122 Ρη
835 3052 888 3124 τὴν
906 3060 959 3111 ΖΔ
976 3055 1037 3111 FV.
1099 3061 1123 3112 3.

112 3125 178 3196 ΔΖ]
197 3129 250 3179 ΖΔ
268 3126 298 3181 Γ.
352 3133 379 3181 4.
392 3123 424 3181 τὸ
438 3123 496 3181 ἀπὸ
511 3128 560 3196 τῆς
575 3131 625 3182 ΓΔ
642 3122 725 3197 πρός]
744 3127 886 3182 m.rec.P.
941 3133 966 3182 ὅ.
985 3124 1031 3214 τό]
1053 3126 1124 3195 (alt.)

112 3212 217 3252 eoorr.
235 3194 269 3252 V.
324 3204 348 3252 6.
368 3195 416 3269 τά]
435 3195 467 3253 τό
485 3197 540 3266 Fb,
559 3199 588 3252 et
605 3197 637 3266 Β,
657 3214 726 3254 corr.
745 3216 783 3252 m.
801 3203 826 3252 2.
882 3204 907 3253 7.
926 3194 973 3268 τά]
992 3217 1024 3252 το
1043 3197 1123 3264 PFb,

112 3267 142 3323 et
159 3267 191 3336 B,
210 3267 260 3322 sod
278 3284 347 3323 corr.
421 3267 483 3339 ΓΖ]
504 3272 554 3323 ΓΔ
572 3268 602 3323 Ε.
675 3272 701 3323 8.
718 3264 767 3338 τά]
786 3265 817 3323 τό
836 3267 868 3337 F,
887 3270 916 3324 et
934 3268 967 3338 B,
986 3269 1036 3324 sed
1055 3285 1124 3324 corr.

7 3346 9 3351 '
147 3342 173 3395 9.
192 3334 238 3409 τά]
257 3334 290 3392 τό
308 3337 338 3407 Γ,
358 3341 387 3394 ot
404 3340 436 3407 Β,
455 3339 504 3393 sed
523 3356 591 3396 corr.
664 3338 726 3410 PZ]
746 3341 798 3392 ΕΖ
816 3340 847 3406 b,
867 3339 897 3394 et
914 3338 945 3405 F,
964 3340 1022 3394 sed.
1041 3355 1124 3403 com

7 3378 13 3383 ’
112 3407 306 3465 rinmss.
376 3409 713 3480 11.AE]A00011.1›.
779 3408 1125 3480 rz]Ezb,0t1‹¹‚se‹1

59 3494 174 3607 '0012
241 3484 283 3538 12.
304 3477 354 3555 τά]
372 3478 404 3537 τό
422 3479 452 3536 F.
517 3475 690 3552 wMPF.
750 3485 793 3535 13.
812 3477 889 3535 ἔσται
908 3480 941 3536 V.
1015 3484 1057 3535 15.
1077 3481 1128 3534 καί
