2378 3832
108 163 174 227 258
495 162 697 214 Συοοεοιωι
715 159 742 214 ι.

109 303 127 374 ὁ
156 304 194 372 δέ
216 311 287 371 ΔΕ
312 303 396 388 πρὸς
422 302 483 371 τὸν
508 311 570 370 ΕΖ
598 302 702 389 λόγον
730 307 812 389 ἔχει,
845 299 886 370 ὃν
917 301 1129 390 τετράγωνος

112 408 260 497 ἀριθμὸς
281 408 365 498 πρὸς
387 409 599 494 τετράγωνον
623 407 785 495 ἀριθμόν·
813 408 967 494 ἑκάτερος
989 405 1055 494 γὰρ
1078 435 1128 476 τε-

110 515 283 604 τράγωνός
313 519 418 585 ἐστιν·
459 516 513 583 καὶ
541 514 579 583 τὸ
608 513 672 583 ι’ωτό
702 525 761 601 τής
787 521 855 582 ΗΒ
883 511 949 602 ἄρα
976 513 1061 602 πρὸς
1089 513 1126 582 τὸ

109 620 174 690 ἀπὸ
198 627 257 710 τής
279 631 308 691 Θ
332 623 434 709 λόγον
458 627 539 709 ἔχει,
569 618 610 690 ὃν
637 621 845 710 τετράγωνος
868 619 1015 709 ἀριθμὸς
1044 619 1128 709 πρὸς

72 753 88 803 5
107 729 318 817 τετράγωνον
337 728 499 815 ἀριθμόν·
534 731 721 815 σύμμετρος
744 730 810 813 ἄρα
834 729 925 798 ἐστὶν
948 725 969 814 ή
993 734 1067 795 ΒΗ
1087 731 1127 814 τή

107 843 134 903 Θ
158 836 262 923 μήκει.
299 837 355 904 καὶ
379 836 521 904 δύναται
544 833 565 921 ή
588 843 662 904 ΒΗ
679 841 737 922 τῆς
759 842 833 903 ΗΓ
853 841 965 922 μεῖζον
987 839 1034 927 τῷ
1058 831 1126 901 ἀπὸ

106 947 165 1028 τής
187 950 228 1010 Θ·
265 939 285 1027 ἡ
310 949 385 1009 ΒΗ
407 939 473 1029 ἄρα
500 946 560 1028 τῆς
582 949 655 1010 ΗΓ
678 949 790 1030 μεῖζον
819 940 961 1010 δύναται
988 944 1034 1031 τῷ
1058 937 1125 1008 ιἰπὸ

107 1049 298 1134 συμμέτρου
317 1047 418 1135 έαυτή
442 1047 546 1134 μήκει.
583 1053 642 1115 καί
663 1051 753 1115 ἐστιν
776 1046 797 1134 ή
821 1045 882 1134 ὅλη
906 1044 928 1132 ἡ
951 1052 1025 1114 ΒΗ
1044 1046 1125 1133 σύμ-

105 1178 223 1240 μετρος
254 1157 294 1242 τή
328 1153 498 1242 ἐκκειμένῃ
532 1157 614 1243 ῥητή
648 1154 744 1243 μήκει
772 1159 811 1242 τή
835 1163 875 1221 Α.
918 1150 1029 1239 ήΒΓ
1059 1155 1122 1241 ἄρα

54 1284 87 1332 10
106 1259 258 1347 ἀποτομή
282 1264 351 1328 ἐστι
374 1260 496 1348 πρώτη.

174 1365 324 1453 Εὕρηται
347 1368 412 1454 ἄρα
435 1365 455 1453 ἡ
479 1366 592 1455 πρώτη
617 1363 767 1452 ἀποτομή
791 1363 812 1452 ἡ
836 1372 909 1433 ΒΓ·
948 1363 1029 1455 ὅπερ
1056 1370 1126 1433 ἔδει

106 1469 226 1558 εὑρεῖν.
631 1562 639 1583 Ι

583 1581 649 1633 πς.

172 1665 319 1755 Εὑρεῖν
343 1667 414 1754 τὴν
438 1670 632 1756 δευτέραν
652 1666 867 1755 ἀποτομήν.

53 1797 85 1844 15
174 1772 355 1842 Ἐκκείσθω
384 1774 466 1860 ῥητή
494 1772 515 1860 η
543 1785 575 1841 Α
603 1775 659 1842 καὶ
688 1778 727 1862 τή
752 1785 783 1841 Α
811 1777 996 1862 σύμμετρος
1025 1773 1123 1861 μήκει

105 1876 227 1966 ήΗΓ.
265 1879 347 1968 ῥητή
372 1881 438 1968 ἄρα
462 1881 553 1948 ἐστὶν
576 1878 596 1966 ἡ
616 1888 690 1949 ΗΓ.
728 1881 783 1949 καὶ
808 1884 1035 1950 ἐκκείσθωσαν
1060 1880 1122 1948 δύο

104 1985 308 2072 τετράγωνοι
332 1985 473 2075 ἀριθμοὶ
493 1991 528 2054 οἱ
545 1995 623 2071 ΔΕ,
638 1995 711 2071 ΕΖ,
736 1980 784 2056 ὧν
807 1985 994 2075 ήὺτιεροχή
1016 1984 1034 2055 ὁ
1055 1993 1121 2053 ΛΖ

104 2091 149 2178 μή
166 2096 248 2176 ἔστω
262 2089 478 2179 τετράγωνος.
507 2093 562 2160 καὶ
577 2095 773 2180 πεποιήσθω
790 2092 867 2174 ωςὸ
884 2101 950 2161 ΖΛ
963 2093 1047 2177 πρὸς
1061 2091 1120 2161 τὸν

104 2204 183 2282 ΔΕ,
200 2195 307 2276 οὕτως
320 2195 358 2264 τὸ
375 2195 439 2265 ιἰτιὸ
454 2202 512 2283 τής
526 2205 597 2266 ΓΗ
607 2201 818 2288 τετράγωνον
833 2198 916 2286 πρὸς
929 2200 968 2267 τὸ
983 2196 1048 2267 ἄτιὸ
1064 2209 1122 2286 τῆς

48 2327 85 2376 20
104 2308 171 2369 ΗΒ
184 2301 406 2389 τετράγωνον.
431 2303 620 2393 σύμμετρον
634 2305 699 2391 ἄρα
715 2307 784 2375 ἐστὶ
798 2307 834 2376 τὸ
847 2306 911 2376 ιἰτιὸ
922 2311 1065 2392 τήςΓΗ
1074 2332 1121 2373 τε·

102 2408 277 2496 τράγωνον
291 2413 337 2500 τῷ
357 2408 423 2478 ἀπὸ
439 2415 497 2497 τής
510 2418 578 2479 ΗΒ
597 2413 804 2504 τετραγώνῳ.
832 2412 935 2502 ῥητὸν
951 2413 988 2480 δὲ
1001 2415 1040 2481 τὸ
1054 2410 1118 2479 ἀπὸ

102 2527 160 2604 τῆς
173 2521 250 2584 ΓΗ.
269 2514 372 2603 ῥητὸν
388 2515 453 2602 ἄρα
468 2518 564 2601 [ἐστὶ]
579 2520 635 2585 καὶ
649 2517 686 2587 τὸ
702 2518 768 2587 ἀπὸ
781 2523 839 2605 της
854 2527 893 2587 Η
894 2528 935 2586 Β·
955 2519 1037 2607 ῥητὴ
1053 2518 1120 2606 ἄρα

102 2622 192 2691 ἐστὶν
207 2619 228 2708 ἡ
243 2627 316 2691 ΒΗ.
338 2622 395 2689 καὶ
410 2623 479 2690 ἐπεὶ
488 2623 527 2691 τὸ
538 2621 602 2692 ιἰτιὸ
613 2634 671 2710 τής
681 2632 715 2691 Η
720 2631 752 2692 Γ
761 2625 973 2712 τετράγωνον
987 2625 1072 2711 πρὸς
1080 2625 1121 2693 τὸ

102 2723 166 2796 ἀπὸ
176 2732 234 2814 τής
247 2734 312 2794 ΗΒ
327 2729 430 2813 λόγον
442 2727 504 2797 οὐκ
519 2735 595 2816 ἔχει,
612 2727 653 2797 ὃν
663 2731 871 2819 τετράγωνος
881 2729 1026 2817 ιἰριθμός
1036 2731 1120 2820 πρὸς

49 2855 86 2906 νε
103 2834 314 2920 τετράγωνον
333 2831 496 2920 ἀριθμόν,
519 2832 728 2922 ἀσύμμετρός
752 2840 843 2904 ἐστιν
861 2836 882 2923 ἡ
902 2843 974 2904 ΓΗ
991 2842 1030 2925 τή
1050 2844 1119 2904 ΗΒ

69 2984 72 2989 ‹
101 2937 206 3025 μήκει.
252 2944 311 3005 καί
330 2943 416 3007 εἰσιν
439 2939 627 3030 ἀμφότεραι
650 2945 760 3029 ῥηταί·
798 2948 836 3011 αἱ
856 2950 938 3030 ΓΗ,
962 2951 1029 3012 ΗΒ
1054 2943 1120 3030 ἄρα

175 3087 198 3134 1.
219 3080 282 3152 ΕΖ]
298 3081 328 3135 in
341 3098 394 3138 ras.
409 3080 442 3135 V.
497 3079 660 3154 Ροεέλόηον
672 3085 725 3140 del.
737 3080 789 3139 οὐκ
799 3086 830 3139 F.
885 3092 908 3140 2.
929 3083 1117 3158 τετράγωνος]

101 3145 278 3220 τετράγωνον
288 3152 319 3222 F,
334 3154 384 3207 sed
396 3170 465 3208 corr.
522 3160 547 3209 3.
559 3151 617 3209 ἐστι
628 3155 717 3223 PBV‚
733 3173 822 3226 comp.
833 3157 888 3212 Fb.
939 3155 1007 3228 ἄρα]
1021 3174 1075 3212 om.
1087 3179 1118 3244 (ρ.

136 3227 162 3276 4.
185 3220 345 3292 Θ]ΗΘὶ).
405 3225 649 3296 6.ΒΗ]ΗΒΡ.
710 3227 915 3298 6.τῆς]τῆυ.
980 3230 1103 3295 mm

101 3294 164 3349 ΘΗ
188 3292 219 3361 b3
245 3295 312 3350 ΗΘ.
340 3289 357 3362 ἡ
381 3292 412 3350 F.
486 3301 511 3350 8.
535 3292 714 3367 ἀσυμμέτρου
733 3299 768 3365 Ρ,
793 3305 822 3352 et
840 3315 910 3353 eras,
930 3294 959 3353 0}-
979 3301 1012 3352 V.
1087 3297 1103 3368 ἡ

100 3363 202 3435 (prius)
221 3379 276 3421 om.
296 3364 381 3421 Bvb.
439 3371 463 3420 9.
484 3363 578 3439 μήκει]
599 3386 653 3422 om.
672 3367 701 3421 F.
757 3370 789 3440 τῇ
811 3375 832 3422 Α
851 3369 935 3438 μήκει
953 3371 1015 3426 BV.
1076 3378 1118 3426 13.

94 3430 152 3495 nc'
182 3435 523 3508 om.F,infiguram'.
580 3445 621 3494 14.
641 3435 706 3511 τήν]
724 3457 807 3508 supra
826 3457 876 3495 scr.
896 3459 932 3494 m.
954 3448 967 3494 1
987 3442 1018 3496 P.
1076 3449 1117 3496 15.

138 3526 271 3582 μμετροε
292 3506 332 3582 Ρ,
357 3527 429 3568 corr.
448 3527 488 3567 m.
507 3527 579 3581 τους
603 3508 761 3582 σύμμετρος
779 3509 848 3564 ἴττω
866 3512 907 3562 Ἴ.
974 3518 1021 3564 σε.
1043 3508 1116 3566 ἐστὶν
