2378 3832
106 174 147 238 18
488 175 689 228 ΣΤΟΙΧΕΙΩΝ
707 170 733 228 ι’.

107 329 220 404 μετρεῖ
241 315 277 383 δὲ
300 316 355 382 καὶ
379 313 400 402 ἡ
424 315 529 402 μονάς
551 315 611 382 τὸν
635 323 667 382 Ε
686 313 769 382 κατὰ
798 312 857 393 τὰς
885 317 921 382 ἐν
951 312 1039 405 αὐτῷ
1064 341 1122 400 μο-

106 420 228 507 νάδας,
262 423 371 502 ἰσάκις
403 421 468 510 ἄρα
496 420 517 508 ἡ
546 419 652 508 μονάς
681 420 742 489 τὸν
765 428 797 488 Ε
822 433 935 509 μετρεῖ
955 420 1010 488 καὶ
1033 418 1071 488 τὸ
1097 427 1132 488 Γ

106 527 144 594 τὸ
169 535 209 594 Β·
241 532 332 595 ἔστιν
355 526 420 612 άρα
444 525 488 606 ὡς
511 529 548 594 τὸ
567 533 599 594 Γ
612 528 697 615 πρὸς
719 524 757 594 τὸ
781 535 820 612 Β,
844 525 952 605 οὕτως
974 524 1126 612 ἡμονδις

107 633 191 722 πρὸς
213 631 273 700 τὸν
292 640 331 700 Ε.
366 635 502 719 ἐδείχθη
531 632 568 700 δὲ
591 632 646 698 καὶ
671 628 715 710 ὦς
733 629 770 699 τὸ
789 641 822 698 A
840 630 923 720 πρὸς
941 630 979 699 τὸ
999 637 1036 717 Γ,
1057 629 1075 699 ὁ
1094 640 1127 699 A

72 763 88 813 ι
107 737 192 826 πρδς
200 736 261 824 τὴν
272 737 419 824 μονάδα·
443 735 488 804 δι’
502 746 578 805 ἴσον
593 735 659 825 άροι
674 737 763 804 ἐστὶν
778 734 823 816 ὡς
836 736 873 804 τὸ
888 747 921 804 A
935 736 1018 824 πρὸς
1032 735 1070 805 τὸ
1086 745 1127 824 Β,

109 841 215 924 οὕτως
238 841 256 911 ὁ
280 852 313 910 A
337 839 483 930 άριθμὸς
505 841 589 930 πρὸς
611 841 671 909 τὸν
694 849 732 911 Ε.

179 946 227 1016 Τά
251 948 317 1037 άροι
346 948 515 1036 σύμμετρα
539 949 665 1035 μεγέθη
692 949 732 1015 τὰ
760 958 807 1033 A,
833 956 861 1015 Β
889 949 972 1036 πρὸς
999 948 1129 1035 άλῖηλα

108 1057 213 1141 λόγον
233 1059 309 1141 ἔχει,
330 1050 371 1122 δν
390 1050 535 1141 άριθμὸς
554 1051 572 1121 δ
588 1063 622 1121 A
636 1052 719 1139 πρὸς
738 1053 888 1143 άριθμδν
908 1054 969 1123 τὸν
982 1062 1024 1121 Ε·
1045 1053 1129 1141 ὅπερ

111 1165 178 1228 ἔδει
202 1161 316 1240 δεῖξαι.

57 1293 91 1340 10
600 1266 637 1343 ς’.

174 1388 262 1458 Ἐὰν
296 1389 367 1458 δύο
401 1392 547 1477 μεγέθη
580 1384 676 1477 πρὸς
708 1387 857 1475 άλληλοι
888 1389 1010 1475 λόγον
1043 1395 1128 1478 ἔχη,

111 1492 157 1565 δν
180 1493 354 1585 άριθμδς
375 1493 479 1584 πρὸς
501 1493 694 1584 άριθμόν,
725 1494 928 1583 σύμμετρα
952 1500 1059 1563 ἔσται
1082 1494 1129 1563 τά

110 1606 269 1690 μεγέθη.

133 1784 135 1788 ,
177 1708 254 1776 Δύο
274 1707 338 1796 γὰρ
353 1710 479 1795 μεγέθη
498 1705 537 1774 τά
556 1717 599 1793 A,
614 1716 642 1774 Β
660 1705 744 1796 πρὸς
757 1706 883 1794 άλληλν
897 1707 1001 1794 λόγον
1018 1710 1130 1794 ἐχέτω,

59 1837 92 1887 15
113 1812 154 1883 δν
178 1810 322 1902 άριθμδς
347 1811 365 1882 ὁ
384 1821 417 1880 A
440 1812 523 1900 πρὸς
541 1811 690 1903 άριθμόν
709 1814 769 1883 τὸν
788 1822 829 1882 Ε·
858 1815 954 1901 λέγω,
975 1812 1025 1883 ὅτι
1045 1814 1128 1900 σύμ

111 1919 214 2008 μετρά
239 1921 307 1986 ἐστι
330 1919 371 1986 τὰ
393 1930 436 2005 A,
455 1927 484 1986 Β
506 1922 641 2007 μεγέθη.

170 2023 266 2091 Ὅσαι
289 2024 353 2110 γάρ
378 2029 464 2093 εἰσιν
487 2027 525 2093 έν
546 2029 591 2114 τῷ
611 2034 645 2092 A
663 2025 819 2114 μονάδες,
842 2031 889 2105 εἰς
906 2038 1053 2094 τοσαῦτα
1072 2035 1130 2094 ῖσα

113 2131 289 2220 διηρησθω
313 2128 350 2197 τὸ
376 2140 418 2216 A,
441 2130 496 2197 καὶ
520 2130 571 2198 ἑνὶ
595 2129 707 2200 αὐτῶν
726 2140 802 2200 ῖσον
822 2137 904 2201 ἔστω
923 2132 961 2201 τὸ
980 2139 1021 2200 Γ·
1050 2130 1129 2201 ὅσαι

114 2238 153 2304 δέ
174 2241 260 2304 εἰσιν
279 2238 316 2303 έν
336 2240 381 2328 τῷ
401 2244 433 2303 Ε
448 2235 603 2323 μονάδες,
627 2239 662 2305 ἐκ
680 2237 851 2307 τοσούτων
870 2243 1024 2325 μεγεθῶν
1044 2247 1129 2309 ῖσων

59 2367 94 2416 νο
113 2353 158 2434 τῷ
182 2348 214 2409 Γ
233 2349 422 2429 συγκείσθω
445 2340 477 2408 τὲ
507 2349 543 2409 Ζ.

177 2445 265 2514 Ἐπεὶ
290 2440 369 2532 οὖν,
398 2446 474 2514 ὅσαι
497 2448 584 2515 εἰσὶν
609 2451 713 2540 ἐντῷ
739 2457 772 2516 A
794 2450 954 2536 μονάδες,
982 2452 1131 2520 τοσαῦτά

114 2559 179 2622 εἰσι
201 2555 256 2622 καὶ
280 2556 317 2621 ἐν
335 2557 380 2645 τῷ
400 2563 432 2620 A
450 2556 575 2641 μεγέθη
595 2563 651 2623 ῖσα
669 2566 714 2647 τῷ
734 2558 773 2641 Γ,
798 2553 816 2623 ὃ
835 2555 900 2640 ἄρα
919 2557 1018 2643 μέρος
1037 2557 1129 2625 ἐστὶν

114 2658 135 2747 ἡ
158 2659 264 2748 μονὰς
286 2663 346 2727 τοῦ
370 2669 418 2745 Λ,
447 2657 485 2728 τὸ
508 2659 590 2729 αὐτὸ
613 2664 713 2750 μέρος
735 2662 804 2729 ἐστὶ
822 2662 877 2728 καὶ
900 2660 938 2730 τὸ
957 2668 989 2730 Γ
1003 2666 1065 2729 τοῦ
1085 2671 1129 2731 A·

115 2771 206 2833 ἔστιν
229 2765 294 2852 άροι
318 2764 363 2845 ὡς
385 2765 423 2834 τδ
447 2772 479 2833 Γ
497 2765 580 2856 πρὸς
607 2767 645 2836 τὸ
669 2777 716 2852 Α,
746 2765 851 2847 οὕτως
874 2764 894 2854 ἡ
919 2764 1024 2854 μονὰς
1046 2769 1131 2854 πρὸς

61 2895 96 2945 25
114 2870 175 2939 τὸν
199 2881 242 2939 A.
296 2886 409 2960 μετρεῖ
434 2873 472 2940 δὲ
498 2870 519 2959 ἡ
544 2873 648 2959 μονάς
671 2872 732 2940 τὸν
754 2882 787 2940 A
818 2871 979 2961 ἀριθμόν·
1019 2889 1133 2961 μετρεῖ

115 2976 180 3062 άρα
210 2978 264 3044 καὶ
292 2976 329 3046 τὸ
359 2984 391 3046 Γ
414 2977 452 3046 τὸ
480 2986 520 3046 A.
571 2980 627 3046 καὶ
651 2981 724 3046 ἐπεί
744 2981 835 3046 ἐστιν
864 2976 908 3057 ὡς
931 2977 968 3046 τὸ
998 2985 1031 3046 Γ
1047 2979 1131 3067 πρὸς

115 3083 152 3151 τὸ
167 3093 210 3169 A,
230 3082 335 3164 οὕτως
352 3081 373 3170 ἡ
392 3083 497 3171 μονὰς
515 3081 598 3171 πρὸς
616 3082 676 3151 τὸν
695 3092 728 3150 A
749 3082 936 3171 [άριθμόν],
961 3082 1131 3152 άνάιτοιῖιν

116 3189 180 3277 ἄρα
209 3187 253 3270 ὡς
280 3190 318 3258 τὸ
348 3200 380 3257 A
406 3189 489 3278 πρὸς
511 3187 549 3256 τὸ
573 3196 613 3271 Γ,
647 3188 754 3270 οὕτως
782 3187 799 3258 ὁ
825 3200 857 3256 A
881 3187 1025 3277 ἀριθμὸς
1047 3191 1154 3278 πρὸς

188 3445 211 3492 3.
231 3437 276 3508 τό]
293 3437 356 3507 (pr.)
376 3434 426 3490 τόν
444 3436 474 3492 Ρ.
526 3443 551 3491 4.
572 3431 661 3498 οὕτως
680 3432 695 3491 ὁ
715 3438 748 3492 V.
803 3443 826 3492 7.
845 3433 916 3506 πρὸς
936 3433 1052 3508 ἄλληλα]
1074 3456 1131 3507 mg.

97 3523 136 3558 m,
158 3507 224 3562 1P.
303 3513 346 3564 11.
377 3505 438 3577 ἔχει
462 3509 487 3563 b.
564 3513 607 3565 14.
631 3506 685 3563 δύο
707 3504 763 3578 γὰρ
784 3505 1039 3578 μεηέθηῖῐοςμ.
1062 3515 1075 3562 1
1101 3509 1131 3562 Ρ.
