2378 3832
108 173 173 238 358
494 169 697 223 ΣΤΟΙΧΕΙΩΝ
716 166 743 227 ι’.
817 183 821 191 ·

111 312 218 395 οὕτως
239 310 261 401 ἡ
285 321 320 382 H
342 309 425 400 πρὸς
447 311 509 400 τὴν
534 321 603 383 ΕΖ.
640 319 760 399 μείζων
784 313 822 380 δὲ
843 311 865 400 ἡ
884 319 946 381 ΓΒ
969 316 1029 398 τῆς
1047 320 1121 380 BA·

111 426 232 508 μείζων
260 418 326 509 ἅμα
355 420 423 489 ἐστὶ
451 420 506 487 καὶ
533 417 555 506 ἡ
579 425 618 487 Η
641 423 700 506 τῆς
723 426 794 487 ΕΖ.
840 424 923 487 ἔστω
945 423 985 506 τῇ
1010 425 1049 486 H
1069 426 1123 505 ἴση

111 525 131 614 ἡ
156 535 233 594 ΕΘ·
270 532 360 594 ἔστιν
384 524 449 616 ἄρα
473 525 519 606 ὡς
540 524 562 613 ἡ
581 532 641 594 ΓΒ
668 524 751 615 πρὸς
775 525 837 613 τὴν
860 532 940 612 BA,
973 522 1124 612 οὕτωςὴ

110 642 176 702 ΘΕ
195 634 280 724 πρὸς
302 633 364 721 τὴν
384 642 460 702 ΕΖ·
484 632 630 702 διελόντι
653 631 719 723 ἅμα
742 633 833 702 ἐστὶν
856 632 902 714 ὡς
919 629 940 720 ἡ
959 637 1023 700 ΓΔ
1041 631 1124 719 πρὸς

75 739 172 828 οιὴν
196 749 279 826 BA,
308 742 414 821 οὕτως
440 738 462 828 ἡ
486 748 547 808 ΘΖ
574 744 657 830 πρὸς
683 744 746 827 τὴν
774 748 867 815 ΖΕ..
890 740 1056 827 γεγονέτω
1081 739 1125 818 ὡς

108 846 130 936 ἡ
154 855 216 916 ΘΖ
241 846 323 938 πρὸς
345 847 407 934 τὴν
427 854 499 933 ΖΕ,
523 846 630 928 οὕτως
652 845 673 934 ἡ
693 855 761 916 ΖΚ
780 847 865 938 πρὸς
887 846 950 934 τὴν
964 854 1047 915 ΚΕ·
1072 846 1126 914 καὶ

111 953 170 1043 ὅλη
195 952 261 1042 ἄρα
284 952 305 1041 ἡ
329 961 396 1021 ΘΚ
409 951 505 1043 σωρὸς
530 953 613 1041 ὅλην
634 953 697 1042 τὴν
720 962 786 1023 ΚΖ
810 956 916 1042 ἐστιν,
944 951 990 1034 ὡς
1013 952 1035 1042 ἡ
1062 960 1128 1022 ΖΚ

110 1060 194 1150 πρὸς
217 1067 295 1128 ΚΕ·
333 1058 378 1140 ὡς
407 1059 471 1147 γὰρ
500 1064 538 1128 ἓν
564 1065 633 1130 τῶν
658 1060 858 1149 ἡγουμένων
885 1061 968 1152 πρὸς
996 1065 1034 1129 ἓν
1058 1073 1126 1131 τῶν

110 1169 297 1256 ἑπομένων,
332 1165 436 1247 οὕτως
464 1165 594 1235 ἅπαντα
621 1165 661 1235 τὰ
689 1165 859 1255 ἡγούμενα
887 1169 970 1256 πρὸς
993 1168 1127 1238 ἅπαντα

59 1287 93 1338 10
111 1273 151 1344 τὰ
174 1274 329 1362 ἑπόμενα.
375 1272 419 1353 ὡς
442 1273 480 1341 δὲ
502 1272 523 1361 ἡ
548 1280 615 1342 ΖΚ
637 1277 719 1361 πρὸς
743 1282 824 1361 ΚΕ,
853 1274 959 1356 οὕτως
987 1276 1081 1344 ἐστὶν
1104 1273 1126 1363 ἡ

109 1389 171 1451 ΓΛ
185 1383 268 1468 πρὸς
282 1377 343 1466 τὴν
358 1386 438 1447 AB·
462 1380 518 1448 καὶ
532 1377 577 1460 ὡς
590 1377 654 1468 ἄρα
668 1377 689 1468 ἡ
704 1387 774 1449 ΘΚ
785 1383 867 1469 πρὸς
881 1389 957 1469 ΚΖ,
981 1379 1090 1462 οὕτως
1104 1380 1126 1469 ἡ

110 1495 172 1556 ΓΛ
194 1485 276 1571 πρὸς
299 1482 361 1571 τὴν
383 1491 458 1553 AB.
496 1485 685 1574 σύμμετρον
708 1486 746 1554 δὲ
768 1485 806 1556 τὸ
827 1484 891 1556 ιἰιιὸ
914 1490 973 1574 τῆς
991 1492 1056 1556 ΓΔ
1078 1493 1126 1580 τῷ

109 1589 173 1662 ἀπὸ
192 1596 253 1680 τῆς
267 1599 347 1659 AB·
371 1591 560 1680 ούμμειρον
584 1591 649 1681 ἄρα
673 1593 741 1662 ἐστὶ
764 1594 820 1662 καὶ
842 1592 879 1662 τὸ
899 1591 964 1662 ἀπὸ
984 1599 1044 1681 τῆς
1058 1602 1144 1664 ΘΚ

108 1711 154 1794 τῷ
178 1699 243 1768 ἀπὸ
267 1703 325 1785 τῆς
344 1706 379 1767 Κ
384 1707 419 1768 Ζ.
456 1704 515 1767 καί
535 1701 625 1768 ἐστιν
649 1697 693 1780 ὡς
715 1698 753 1768 τὸ
778 1699 845 1769 ἀπὸ
869 1703 927 1788 τῆς
950 1708 1019 1769 ΘΚ
1040 1701 1128 1791 πρὸς

60 1826 92 1876 15
111 1805 148 1876 τὸ
174 1806 239 1875 ἀπὸ
259 1810 317 1894 τῆς
339 1812 414 1892 ΚΖ,
439 1803 545 1886 οὕτως
567 1803 587 1893 ἡ
612 1813 681 1874 ΘΚ
701 1805 784 1896 πρὸς
807 1805 869 1894 τὴν
891 1814 970 1894 ΚΕ,
994 1810 1067 1878 ἐπεὶ
1090 1813 1130 1877 αἱ

109 1928 197 2004 τρεῖς
224 1917 261 1981 αἱ
286 1919 368 1999 ΘΚ,
393 1918 475 1996 ΚΖ,
499 1920 569 1982 ΚΕ
594 1911 765 2000 ἀνάλογόν
793 1919 888 1983 εἰσιν.
936 1915 1128 2003 σύμμετρος

107 2018 174 2110 ἅμα
201 2018 222 2107 ἡ
250 2026 318 2087 ΘΚ
346 2023 386 2108 τῇ
415 2024 485 2087 ΚΕ
514 2021 622 2106 μήκει·
664 2018 747 2088 ὥστε
773 2021 829 2089 καὶ
852 2018 873 2109 ἡ
896 2029 962 2089 ΘΕ
989 2027 1030 2113 τῇ
1055 2031 1129 2092 ΕΚ

44 2121 45 2125 “
108 2125 294 2213 σύμμετρός
318 2128 386 2195 ἐστι
409 2125 514 2213 μήκει.
559 2127 615 2194 καὶ
643 2126 713 2194 ἐπεὶ
740 2125 777 2196 τὸ
807 2125 872 2196 ἀπὸ
899 2133 958 2216 τῆς
984 2141 1018 2198 Α
1047 2138 1126 2201 ἴσον

108 2232 177 2301 ἐστὶ
200 2236 246 2322 τῷ
270 2229 335 2299 ὑπὸ
358 2237 426 2301 τῶν
449 2239 521 2320 ΕΘ,
541 2239 620 2318 ΒΛ,
644 2230 746 2320 ῥητὸν
770 2236 810 2302 δέ
826 2236 895 2302 ἐστι
917 2233 955 2303 τὸ
975 2231 1042 2305 ἀπὸ
1065 2242 1128 2324 τῆς

58 2361 94 2412 20
111 2347 157 2424 A,
190 2339 294 2424 ῥητὸν
317 2336 383 2425 ἅμα
410 2338 479 2406 ἐστὶ
506 2339 561 2407 καὶ
585 2337 622 2407 τὸ
650 2337 716 2408 ὑπὸ
745 2344 813 2409 τῶν
842 2348 920 2426 ΕΘ,
944 2347 1021 2411 ΒΔ.
1067 2346 1127 2412 καὶ

107 2446 196 2533 παρὰ
225 2443 331 2532 ῥητὴν
357 2442 419 2531 τὴν
442 2451 510 2512 BA
537 2448 744 2534 παράκειται·
781 2445 864 2536 ῥητὴ
892 2446 959 2532 ἄρα
986 2451 1079 2517 ἐστὶν
1105 2449 1127 2538 ἡ

109 2558 172 2618 ΕΘ
194 2552 249 2619 καὶ
274 2549 460 2638 σύμμετρος
487 2557 527 2641 τῇ
551 2560 621 2621 BA
647 2553 756 2641 μήκει·
797 2555 882 2623 ὥστε
908 2556 964 2623 καὶ
992 2553 1014 2642 ἡ
1044 2557 1128 2644 σύμ-

107 2684 226 2746 μετρος
251 2653 335 2747 αὐτῇ
359 2655 380 2745 ἡ
404 2664 474 2725 ΕΚ
499 2659 582 2747 ῥητή
607 2661 676 2728 ἐστι
702 2661 757 2729 καὶ
781 2660 968 2749 σύμμετρος
989 2666 1030 2750 τῇ
1054 2671 1127 2731 BA

108 2762 212 2849 μήκει.
259 2763 328 2832 ἐπεὶ
353 2755 417 2832 οὖν
440 2767 531 2832 ἐστιν
555 2762 600 2844 ὡς
622 2763 642 2852 ἡ
667 2772 730 2834 ΓΛ
752 2763 836 2853 πρὸς
858 2774 938 2853 AB,
967 2768 1077 2848 οὕτως
1104 2769 1125 2858 ἡ

53 2891 89 2942 25
108 2875 175 2936 ΖΚ
205 2871 288 2951 πρὸς
315 2874 396 2955 ΚΕ,
429 2873 467 2936 αἱ
495 2869 533 2938 δὲ
555 2876 631 2956 ΓΔ,
655 2878 721 2939 AB
750 2872 891 2959 δυνάμει
919 2873 1027 2960 μόνον
1056 2876 1125 2943 εἰσὶ

180 3103 202 3152 1.
224 3100 423 3167 μείζων-Ζ.
444 3097 531 3170 ἔστω]
554 3099 584 3154 in
602 3116 654 3155 ras.
674 3100 706 3155 V.
782 3108 806 3156 1.
832 3101 1021 3226 ΓΒ]ΒΒΓΡ.
1099 3112 1124 3160 2.

108 3166 182 3241 ἐστι’]
202 3185 256 3223 om.
275 3168 309 3222 V.
369 3176 393 3225 3.
416 3171 479 3241 ΓΒ]
498 3171 630 3226 BPPV.
695 3177 719 3226 4.
739 3169 804 3243 τήν]
824 3189 877 3228 om.
922 3173 947 3228 b.
1011 3180 1037 3230 5.
1056 3172 1126 3248 τήν]

108 3256 163 3295 om.
182 3239 238 3293 Bb.
316 3246 368 3294 AB
391 3239 476 3294 FVb.
554 3238 623 3312 τήν]
648 3260 701 3298 om.
721 3243 801 3299 BFb.
883 3242 1022 3314 γεγονέτω
1044 3276 1075 3285 -
1099 3254 1124 3301 6.

110 3313 162 3363 ΖΕ
196 3327 250 3365 om.
269 3309 297 3366 b.
370 3319 394 3366 6.
418 3308 483 3382 τήν]
508 3329 562 3367 om.
583 3312 640 3369 BF.
715 3314 784 3384 ZK]
803 3319 856 3368 KZ
874 3316 905 3370 B.
979 3313 1044 3388 τήν]
1066 3334 1124 3372 om.

107 3311 200 3436 BFB„
264 3379 500 3453 7.νιρός]1)ἰεφ.
572 3389 596 3438 8.
616 3380 667 3452 τὴν
681 3388 737 3438 ΚΕ
756 3384 816 3440 FV.
877 3382 914 3448 ὡς
932 3383 1000 3458 γάρ]
1021 3405 1076 3443 om.
1092 3388 1126 3456 P,

98 3470 187 3525 supra
206 3471 258 3511 ser.
277 3451 309 3510 V.
373 3452 445 3528 τῶν]
464 3454 565 3511 om.P.
618 3451 777 3524 ἡγούμενον
797 3455 827 3511 Ρ.
887 3462 929 3511 10.
948 3453 1001 3527 τὴν
1015 3462 1073 3513 ΚΕ
1088 3460 1123 3514 V.

129 3533 172 3585 11.
198 3529 276 3604 ΔΒ]
300 3530 408 3589 ΒΔΕ.
494 3522 732 3599 mmmm.
810 3531 859 3579 νε.
882 3528 1131 3594 mum&
