2378 3832
108 157 174 222 340
494 159 695 212 Συουιωιαα
713 154 741 212 ι.

108 301 228 386 μέσον,
259 299 297 368 τδ
327 295 358 366 δ’
384 295 440 367 ὑπ’
466 295 579 368 αὐτῶν
607 299 720 387 ῥητόν.
764 300 820 367 καὶ
847 297 887 367 τὰ
919 297 1004 368 αὐτὰ
1032 326 1119 369 κατε-

109 405 298 473 σκευάσθω.
335 403 459 493 ὁμοίως
482 404 523 492 δὴ
548 408 700 492 δείξομεν
723 419 793 485 τοῖς
815 406 990 493 κρότερον,
1014 405 1066 475 ὅτι
1088 410 1124 474 αί

109 517 186 597 ΓΖ,
211 519 278 579 ΖΔ
305 513 342 580 ἐν
364 515 410 603 τῷ
435 511 525 603 αὐτῷ
549 512 639 599 λόγῳ
669 512 734 579 είσὶ
761 525 833 592 ταῖς
856 520 937 598 ΑΕ,
961 521 1040 598 ΕΒ,
1068 515 1121 581 καὶ

109 617 299 705 σύμμετρόν
324 616 453 687 ἔστιτὸ
477 622 696 705 συγκείμενον
720 620 756 686 ἐκ
778 623 848 688 τών
870 617 936 688 ἀπὸ
959 623 1028 688 τῶν
1047 627 1123 705 ΑΕ,

74 745 90 795 5
109 730 172 792 ΕΒ
190 723 409 811 τετραγώνων
431 728 477 818 τῷ
501 725 708 816 συγκειμένῳ
732 728 767 794 ἐκ
789 737 858 794 τών
879 722 946 794 ἄτιδ
963 730 1033 795 τών
1052 732 1124 812 ΓΖ,

30 905 34 911 ,
109 837 177 897 ΖΔ
205 831 439 918 τετραγώνων,
466 828 504 898 τὸ
534 829 572 897 δὲ
597 823 761 927 ὑετὸέτώυΙ
786 839 868 918 ΑΕ,
892 840 955 900 ΕΒ
983 836 1028 924 τῷ
1057 830 1123 900 ὑπὸ

107 940 176 1004 τών
200 943 276 1022 ΓΖ,
301 943 379 1004 ΖΔ·
416 934 500 1005 ὥστε
526 943 582 1004 καὶ
611 940 648 1005 αί
668 944 745 1024 ΓΖ,
770 945 836 1005 ΖΔ
865 937 1008 1025 δυνάμει
1039 938 1125 1006 είσὶν

109 1039 314 1131 ἀσύμμετροι
337 1046 496 1111 ποιοῦσαι
518 1042 557 1111 τὸ
581 1043 642 1131 μὲν
666 1051 887 1132 συγκείμενον
911 1046 946 1112 ἐκ
968 1048 1037 1113 τών
1058 1042 1123 1112 ἀπὸ

74 1222 77 1227 ,
108 1151 175 1216 τών
204 1153 281 1235 ΓΖ,
306 1156 372 1216 ΖΛ
403 1149 622 1237 τετραγώνων
655 1151 774 1237 μέσον,
805 1151 844 1219 τὸ
874 1147 905 1218 δ’
930 1147 989 1219 ὑπ’
1012 1149 1125 1219 αὐτῶν

57 1277 90 1326 10
109 1254 222 1341 ῥητόν.

180 1356 224 1426 Ἡ
250 1365 312 1426 ΓΔ
339 1359 405 1447 ἄρα
432 1360 512 1447 μετὰ
542 1363 648 1448 ῥητοῦ
675 1361 779 1448 μέσον
807 1360 844 1429 τὸ
874 1360 956 1432 ὅλον
980 1362 1124 1431 ποιοῦσί

110 1465 213 1532 ἐστιν·
242 1463 323 1550 ὅπερ
343 1470 411 1534 ἔδει
435 1469 548 1548 δείξαι.

588 1642 647 1728 ιζ’.

179 1762 224 1831 Ἡ
247 1776 290 1854 τῇ
320 1764 412 1852 μετὰ
440 1767 563 1853 μέσου
593 1768 717 1852 μέσον
748 1765 790 1835 τὸ
824 1766 918 1836 ὅλον
951 1769 1125 1867 σοιούσῃ

58 1895 91 1944 15
110 1869 336 1958 σύμμετρος
357 1872 422 1938 καὶ
446 1869 543 1958 αὐτὴ
568 1871 661 1958 μετὰ
686 1874 807 1959 με’σου
826 1874 947 1961 μέσον
965 1874 1008 1943 τὸ
1030 1872 1126 1944 ὅλον

109 1977 282 2046 τοιοῦσώ
307 1980 425 2047 ἔστιν.

178 2082 286 2153 Ἔστω
310 2087 390 2171 μετὰ
411 2086 515 2172 μέσου
538 2086 642 2172 μέσον
665 2083 704 2153 τὸ
728 2083 809 2154 ὅλου
832 2090 977 2154 ποιοῦσα
1002 2083 1024 2173 ἡ
1048 2095 1126 2173 ΑΒ,

109 2189 164 2256 καὶ
188 2193 227 2277 τῇ
254 2197 318 2258 ΑΒ
347 2195 429 2258 ἔστω
454 2194 639 2279 σύμμετρος
661 2188 682 2277 ἡ
708 2196 783 2259 ΓΛ·
820 2193 920 2278 λέγω,
949 2189 1002 2260 ὅτι
1025 2192 1125 2280 καὶὴ

111 2298 173 2361 ΓΔ
197 2293 277 2381 μετὰ
300 2297 404 2382 μέσου
427 2297 530 2383 μέσον
553 2295 590 2364 τὸ
616 2297 697 2365 ὅλον
720 2300 865 2366 ποιοῦσά
887 2300 986 2367 ἐστιν.

58 2425 93 2474 20
152 2405 155 2413 '
179 2399 288 2469 Ἔστω
312 2402 377 2490 γὰρ
399 2406 439 2491 τῇ
463 2411 528 2470 ΑΒ
551 2405 830 2490 προσαρμόζουσα
852 2401 873 2491 ἡ
896 2411 977 2489 ΒΕ,
1007 2405 1064 2473 καὶ
1088 2405 1129 2473 τὰ

111 2503 195 2573 αὐτὰ
218 2507 488 2577 κατεσκευάσθω·
526 2512 564 2576 αί
584 2517 665 2597 ΑΕ,
688 2516 751 2577 ΕΒ
779 2508 844 2598 ἄρα
868 2508 1011 2595 δυνάμει
1040 2513 1128 2580 είσὶν

24 2668 26 2673 .
111 2609 317 2701 ἀσύμμετροι
340 2620 497 2684 ποιοῦσαι
525 2614 563 2683 τό
587 2641 623 2683 τε
649 2622 875 2702 συγκείμενον
901 2618 937 2683 ἐκ
968 2626 1037 2683 τών
1067 2615 1127 2685 ἀπ’

111 2716 224 2786 αὐτῶν
257 2720 475 2809 τετραγώνων
506 2721 611 2807 μέσον
643 2722 699 2788 καὶ
731 2718 769 2790 τὸ
798 2717 855 2788 ὑπ’
882 2719 995 2789 αὐτών
1024 2723 1130 2809 με’σον

111 2823 167 2890 καὶ
190 2829 238 2892 ἔτι
262 2823 475 2914 ἀσύμμετρον
497 2853 535 2894 το
556 2832 775 2914 συγκείμενον
795 2829 917 2894 ἐκτῶν
936 2823 993 2894 ἄττ’
1015 2827 1129 2897 αὐτῶν

59 2954 93 3004 25
112 2928 331 3017 τετραγώνων
358 2935 404 3022 τῷ
432 2928 493 2998 ὑπ’
520 2928 642 3000 αὐτῶν.
686 2939 746 3000 καί
772 2937 874 3018 εἰσιν,
906 2929 950 3011 ώς
979 2933 1129 3023 ἐδείχθη,

112 3036 151 3100 αί
171 3041 248 3119 ΑΕ,
274 3042 336 3101 ΕΒ
360 3036 541 3124 σύμμετροι
563 3052 635 3117 ταῖς
657 3044 730 3123 ΓΖ,
754 3046 836 3125 ΖΔ,
859 3035 976 3106 καὶτὸ
1000 3047 1130 3126 συγκεί-

112 3165 215 3225 μενον
239 3141 274 3207 ἐκ
297 3145 364 3208 τῶν
387 3140 452 3209 ἀντὶ)
477 3146 545 3211 τών
564 3151 641 3229 ΑΕ,
661 3150 724 3212 ΕΒ
746 3143 965 3233 τετραγώνων
983 3150 1030 3238 τῷ
1051 3167 1130 3234 συγ-

184 3358 209 3408 3.
232 3353 288 3426 τῷ]
313 3368 416 3408 ecorr.
436 3354 470 3410 V.
544 3353 614 3409 εἰσίν
638 3355 668 3409 Β.
741 3362 767 3411 4.
790 3351 839 3427 τό]
865 3353 897 3411 τὸ
916 3355 969 3427 μέν
987 3357 1049 3426 Bb,
1077 3358 1127 3429 μέν

106 3441 266 3494 suprascr.
287 3443 324 3510 ιιι.
345 3423 410 3509 ΖΕ.
473 3425 573 3480 Mdv
595 3431 698 3481 ΓΖ-
717 3434 741 3484 6.
762 3426 831 3497 ΕΒ]
850 3445 906 3515 τρε.
925 3447 962 3482 m.
982 3430 1040 3483 ΖΒ
1058 3431 1126 3556 ἑτῶν

95 3500 161 3566 ΑΕ,
184 3501 241 3554 ΕΒ
262 3502 355 3558 etlam
373 3518 405 3554 m
423 3499 508 3556 texku
525 3501 686 3554 amam.
702 3501 742 3568 ἣ.
799 3499 860 3552 w
885 3499 942 3552 Q.
995 3506 1036 3555 12.
1076 3519 1126 3570 περ
