<?xml version="1.0" encoding="UTF-8"?>
<!DOCTYPE html PUBLIC "-//W3C//DTD XHTML 1.0 Transitional//EN"
    "http://www.w3.org/TR/xhtml1/DTD/xhtml1-transitional.dtd">
<html xmlns="http://www.w3.org/1999/xhtml" xml:lang="en" lang="en">
 <head>
  <title>
</title>
<meta http-equiv="Content-Type" content="text/html;charset=utf-8" />
  <meta name='ocr-system' content='tesseract 3.04.00' />
  <meta name='ocr-capabilities' content='ocr_page ocr_carea ocr_par ocr_line ocrx_word'/>
</head>
<body>
  <div class='ocr_page' id='page_1' title='image "./euclidisoperaom11unkngoog_0189.png"; bbox 0 0 2378 3832; ppageno 0'>
   <div class='ocr_carea' id='block_1_1' title="bbox 112 160 742 231">
    <p class='ocr_par' dir='ltr' id='par_1_1' title="bbox 112 160 742 231">
     <span class='ocr_line' id='line_1_1' title="bbox 112 160 742 231; baseline -0.002 -12"><span class='ocrx_word' id='word_1_1' title='bbox 112 166 175 231; x_wconf 77' lang='lat'><strong><em>178</em></strong></span> <span class='ocrx_word' id='word_1_2' title='bbox 496 165 697 219; x_wconf 78' lang='grc' dir='ltr'>ΣΤΟΙΧΕΙΩΝ</span> <span class='ocrx_word' id='word_1_3' title='bbox 715 160 742 218; x_wconf 90' lang='grc' dir='ltr'><strong><em>ι’.</em></strong></span> 
     </span>
    </p>
   </div>
   <div class='ocr_carea' id='block_1_2' title="bbox 111 302 1127 499">
    <p class='ocr_par' dir='ltr' id='par_1_2' title="bbox 111 302 1127 499">
     <span class='ocr_line' id='line_1_2' title="bbox 170 302 1127 394; baseline -0.005 -20"><span class='ocrx_word' id='word_1_4' title='bbox 170 307 217 374; x_wconf 87' lang='grc' dir='ltr'><em>Ἡ</em></span> <span class='ocrx_word' id='word_1_5' title='bbox 240 311 314 383; x_wconf 78' lang='grc' dir='ltr'><strong><em>ΜΞ</em></strong></span> <span class='ocrx_word' id='word_1_6' title='bbox 339 304 404 391; x_wconf 85' lang='grc' dir='ltr'><strong><em>άρα</em></strong></span> <span class='ocrx_word' id='word_1_7' title='bbox 437 304 539 394; x_wconf 80' lang='grc' dir='ltr'><strong><em>ῥητὸν</em></strong></span> <span class='ocrx_word' id='word_1_8' title='bbox 574 307 629 373; x_wconf 80' lang='grc' dir='ltr'><strong><em>καὶ</em></strong></span> <span class='ocrx_word' id='word_1_9' title='bbox 655 307 758 392; x_wconf 87' lang='grc' dir='ltr'><strong><em>μέσον</em></strong></span> <span class='ocrx_word' id='word_1_10' title='bbox 781 304 951 390; x_wconf 74' lang='grc' dir='ltr'><strong><em>δυναμένη</em></strong></span> <span class='ocrx_word' id='word_1_11' title='bbox 975 302 1046 371; x_wconf 76' lang='grc' dir='ltr'><strong><em>ἐστὶ</em></strong></span> <span class='ocrx_word' id='word_1_12' title='bbox 1068 302 1127 370; x_wconf 77' lang='grc' dir='ltr'><strong><em>καὶ</em></strong></span> 
     </span>
     <span class='ocr_line' id='line_1_3' title="bbox 111 408 899 499; baseline -0.004 -19"><span class='ocrx_word' id='word_1_13' title='bbox 111 411 252 480; x_wconf 81' lang='grc' dir='ltr'><strong><em>δύναται</em></strong></span> <span class='ocrx_word' id='word_1_14' title='bbox 275 411 313 479; x_wconf 91' lang='grc' dir='ltr'><strong><em>τὸ</em></strong></span> <span class='ocrx_word' id='word_1_15' title='bbox 335 417 412 479; x_wconf 86' lang='grc' dir='ltr'><strong><em>ΑΓ</em></strong></span> <span class='ocrx_word' id='word_1_16' title='bbox 428 417 566 499; x_wconf 86' lang='grc' dir='ltr'><strong><em>χωρίον·</em></strong></span> <span class='ocrx_word' id='word_1_17' title='bbox 591 408 671 497; x_wconf 80' lang='grc' dir='ltr'><strong><em>ὅπερ</em></strong></span> <span class='ocrx_word' id='word_1_18' title='bbox 695 413 763 477; x_wconf 83' lang='grc' dir='ltr'><strong><em>ἔδει</em></strong></span> <span class='ocrx_word' id='word_1_19' title='bbox 786 410 899 490; x_wconf 79' lang='grc' dir='ltr'><strong><em>δεῖξαι.</em></strong></span> 
     </span>
    </p>
   </div>
   <div class='ocr_carea' id='block_1_3' title="bbox 55 586 1127 2807">
    <p class='ocr_par' dir='ltr' id='par_1_3' title="bbox 74 586 1124 1011">
     <span class='ocr_line' id='line_1_4' title="bbox 586 586 652 657; baseline 0.061 -5"><span class='ocrx_word' id='word_1_20' title='bbox 586 586 652 657; x_wconf 83' lang='grc' dir='ltr'><strong><em>νθ’.</em></strong></span> 
     </span>
     <span class='ocr_line' id='line_1_5' title="bbox 174 709 1124 799; baseline -0.006 -18"><span class='ocrx_word' id='word_1_21' title='bbox 174 711 260 781; x_wconf 83' lang='grc' dir='ltr'><strong><em>Ἐάν</em></strong></span> <span class='ocrx_word' id='word_1_22' title='bbox 289 717 437 799; x_wconf 82' lang='grc' dir='ltr'><strong><em>χωρίον</em></strong></span> <span class='ocrx_word' id='word_1_23' title='bbox 464 712 695 798; x_wconf 78' lang='grc' dir='ltr'><em>περιέχηται</em></span> <span class='ocrx_word' id='word_1_24' title='bbox 722 709 796 778; x_wconf 82' lang='grc' dir='ltr'><strong><em>ὑπὸ</em></strong></span> <span class='ocrx_word' id='word_1_25' title='bbox 827 711 946 798; x_wconf 78' lang='grc' dir='ltr'><strong><em>ῥητῆς</em></strong></span> <span class='ocrx_word' id='word_1_26' title='bbox 969 709 1124 796; x_wconf 76' lang='grc' dir='ltr'><strong><em>καὶτῆς</em></strong></span> 
     </span>
     <span class='ocr_line' id='line_1_6' title="bbox 74 815 1119 904; baseline -0.006 -17"><span class='ocrx_word' id='word_1_27' title='bbox 74 820 150 892; x_wconf 74' lang='grc' dir='ltr'><strong><em>τέκ</em></strong></span> <span class='ocrx_word' id='word_1_28' title='bbox 174 817 245 886; x_wconf 85' lang='grc' dir='ltr'><strong><em>δύο</em></strong></span> <span class='ocrx_word' id='word_1_29' title='bbox 269 815 476 904; x_wconf 81' lang='grc' dir='ltr'><strong><em>ὀνομάτων</em></strong></span> <span class='ocrx_word' id='word_1_30' title='bbox 499 816 627 903; x_wconf 79' lang='grc' dir='ltr'><strong><em>ἕκτης,</em></strong></span> <span class='ocrx_word' id='word_1_31' title='bbox 650 815 671 902; x_wconf 81' lang='grc' dir='ltr'><em>ἡ</em></span> <span class='ocrx_word' id='word_1_32' title='bbox 690 815 733 883; x_wconf 88' lang='grc' dir='ltr'><strong><em>τὸ</em></strong></span> <span class='ocrx_word' id='word_1_33' title='bbox 752 820 901 902; x_wconf 85' lang='grc' dir='ltr'><strong><em>χωρίον</em></strong></span> <span class='ocrx_word' id='word_1_34' title='bbox 921 815 1119 902; x_wconf 72' lang='grc' dir='ltr'><strong><em>δυναμένη</em></strong></span> 
     </span>
     <span class='ocr_line' id='line_1_7' title="bbox 109 920 1115 1011; baseline -0.004 -20"><span class='ocrx_word' id='word_1_35' title='bbox 109 921 253 1011; x_wconf 75' lang='grc' dir='ltr'><strong><em>ἄλογός</em></strong></span> <span class='ocrx_word' id='word_1_36' title='bbox 276 924 383 991; x_wconf 79' lang='grc' dir='ltr'><strong><em>ἐστιν</em></strong></span> <span class='ocrx_word' id='word_1_37' title='bbox 404 922 425 1008; x_wconf 82' lang='grc' dir='ltr'><em>ἡ</em></span> <span class='ocrx_word' id='word_1_38' title='bbox 444 922 668 1008; x_wconf 80' lang='grc' dir='ltr'><strong><em>καλουμένη</em></strong></span> <span class='ocrx_word' id='word_1_39' title='bbox 693 920 765 990; x_wconf 84' lang='grc' dir='ltr'><strong><em>δύο</em></strong></span> <span class='ocrx_word' id='word_1_40' title='bbox 789 922 888 1007; x_wconf 87' lang='grc' dir='ltr'><strong><em>μέσα</em></strong></span> <span class='ocrx_word' id='word_1_41' title='bbox 912 921 1115 1006; x_wconf 87' lang='grc' dir='ltr'><strong><em>δυναμένη.</em></strong></span> 
     </span>
    </p>

    <p class='ocr_par' dir='ltr' id='par_1_4' title="bbox 109 1024 1126 1325">
     <span class='ocr_line' id='line_1_8' title="bbox 175 1024 1121 1116; baseline -0.002 -21"><span class='ocrx_word' id='word_1_42' title='bbox 175 1034 310 1111; x_wconf 88' lang='grc' dir='ltr'><strong><em>Χωρίον</em></strong></span> <span class='ocrx_word' id='word_1_43' title='bbox 333 1026 397 1116; x_wconf 79' lang='grc' dir='ltr'><strong><em>γὰρ</em></strong></span> <span class='ocrx_word' id='word_1_44' title='bbox 421 1028 459 1096; x_wconf 92' lang='grc' dir='ltr'><strong><em>τὸ</em></strong></span> <span class='ocrx_word' id='word_1_45' title='bbox 478 1033 610 1095; x_wconf 87' lang='grc' dir='ltr'><em>ΑΒΓΔ</em></span> <span class='ocrx_word' id='word_1_46' title='bbox 628 1028 831 1115; x_wconf 76' lang='grc' dir='ltr'><strong><em>περιεχέσθω</em></strong></span> <span class='ocrx_word' id='word_1_47' title='bbox 854 1024 922 1094; x_wconf 80' lang='grc' dir='ltr'><strong><em>διιδ</em></strong></span> <span class='ocrx_word' id='word_1_48' title='bbox 948 1027 1048 1113; x_wconf 77' lang='grc' dir='ltr'><strong><em>ῥητῆς</em></strong></span> <span class='ocrx_word' id='word_1_49' title='bbox 1063 1028 1121 1112; x_wconf 77' lang='grc' dir='ltr'><strong><em>τῆς</em></strong></span> 
     </span>
     <span class='ocr_line' id='line_1_9' title="bbox 109 1130 1124 1220; baseline -0.002 -19"><span class='ocrx_word' id='word_1_50' title='bbox 109 1141 174 1201; x_wconf 87' lang='lat' dir='ltr'><strong><em>AB</em></strong></span> <span class='ocrx_word' id='word_1_51' title='bbox 196 1134 332 1219; x_wconf 75' lang='grc' dir='ltr'><strong><em>καὶτῆς</em></strong></span> <span class='ocrx_word' id='word_1_52' title='bbox 356 1135 391 1200; x_wconf 84' lang='grc' dir='ltr'><strong><em>ἐκ</em></strong></span> <span class='ocrx_word' id='word_1_53' title='bbox 414 1134 476 1200; x_wconf 87' lang='grc' dir='ltr'><strong><em>δύο</em></strong></span> <span class='ocrx_word' id='word_1_54' title='bbox 506 1130 682 1220; x_wconf 78' lang='grc' dir='ltr'><strong><em>ὀνομάτων</em></strong></span> <span class='ocrx_word' id='word_1_55' title='bbox 711 1134 803 1218; x_wconf 81' lang='grc' dir='ltr'><strong><em>ἕκτης</em></strong></span> <span class='ocrx_word' id='word_1_56' title='bbox 832 1134 891 1216; x_wconf 82' lang='grc' dir='ltr'><strong><em>τῆς</em></strong></span> <span class='ocrx_word' id='word_1_57' title='bbox 914 1140 988 1199; x_wconf 87' lang='grc' dir='ltr'><strong><em>ΑΔ</em></strong></span> <span class='ocrx_word' id='word_1_58' title='bbox 1010 1135 1124 1220; x_wconf 78' lang='grc' dir='ltr'><strong><em>διῃρη-</em></strong></span> 
     </span>
     <span class='ocr_line' id='line_1_10' title="bbox 109 1234 1126 1325; baseline 0 -21"><span class='ocrx_word' id='word_1_59' title='bbox 109 1240 211 1324; x_wconf 80' lang='grc' dir='ltr'><strong><em>μένης</em></strong></span> <span class='ocrx_word' id='word_1_60' title='bbox 240 1243 287 1317; x_wconf 80' lang='grc' dir='ltr'><strong><em>εές</em></strong></span> <span class='ocrx_word' id='word_1_61' title='bbox 318 1239 358 1305; x_wconf 82' lang='grc' dir='ltr'><strong><em>τὰ</em></strong></span> <span class='ocrx_word' id='word_1_62' title='bbox 389 1237 537 1325; x_wconf 86' lang='grc' dir='ltr'><strong><em>ὀνόματα</em></strong></span> <span class='ocrx_word' id='word_1_63' title='bbox 568 1237 651 1305; x_wconf 86' lang='grc' dir='ltr'><strong><em>κατά</em></strong></span> <span class='ocrx_word' id='word_1_64' title='bbox 679 1237 716 1305; x_wconf 86' lang='grc' dir='ltr'><strong><em>τὸ</em></strong></span> <span class='ocrx_word' id='word_1_65' title='bbox 748 1245 791 1322; x_wconf 85' lang='grc' dir='ltr'><strong><em>Ε,</em></strong></span> <span class='ocrx_word' id='word_1_66' title='bbox 824 1234 908 1305; x_wconf 81' lang='grc' dir='ltr'><strong><em>ὥστε</em></strong></span> <span class='ocrx_word' id='word_1_67' title='bbox 938 1236 979 1306; x_wconf 89' lang='grc' dir='ltr'><strong><em>τὸ</em></strong></span> <span class='ocrx_word' id='word_1_68' title='bbox 1012 1243 1126 1325; x_wconf 71' lang='grc' dir='ltr'><strong><em>μεῖζον</em></strong></span> 
     </span>
    </p>

    <p class='ocr_par' dir='ltr' id='par_1_5' title="bbox 57 1341 1124 1536">
     <span class='ocr_line' id='line_1_11' title="bbox 57 1341 1124 1431; baseline -0.001 -20"><span class='ocrx_word' id='word_1_69' title='bbox 57 1370 90 1418; x_wconf 94' lang='lat'><strong><em>10</em></strong></span> <span class='ocrx_word' id='word_1_70' title='bbox 109 1341 216 1429; x_wconf 79' lang='grc' dir='ltr'><strong><em>ὄνομα</em></strong></span> <span class='ocrx_word' id='word_1_71' title='bbox 235 1341 322 1411; x_wconf 86' lang='grc' dir='ltr'><strong><em>εἶναι</em></strong></span> <span class='ocrx_word' id='word_1_72' title='bbox 344 1344 382 1412; x_wconf 91' lang='grc' dir='ltr'><strong><em>τὸ</em></strong></span> <span class='ocrx_word' id='word_1_73' title='bbox 406 1353 486 1412; x_wconf 83' lang='grc' dir='ltr'><strong><em>ΑΕ·</em></strong></span> <span class='ocrx_word' id='word_1_74' title='bbox 510 1345 611 1431; x_wconf 78' lang='grc' dir='ltr'><strong><em>λέγω,</em></strong></span> <span class='ocrx_word' id='word_1_75' title='bbox 635 1342 686 1412; x_wconf 85' lang='grc' dir='ltr'><strong><em>ὅτι</em></strong></span> <span class='ocrx_word' id='word_1_76' title='bbox 709 1344 730 1431; x_wconf 82' lang='grc' dir='ltr'><em>ἡ</em></span> <span class='ocrx_word' id='word_1_77' title='bbox 753 1343 791 1411; x_wconf 88' lang='grc' dir='ltr'><strong><em>τὸ</em></strong></span> <span class='ocrx_word' id='word_1_78' title='bbox 815 1349 885 1411; x_wconf 88' lang='grc' dir='ltr'><strong><em>ΑΓ</em></strong></span> <span class='ocrx_word' id='word_1_79' title='bbox 904 1347 1081 1430; x_wconf 83' lang='grc' dir='ltr'><strong><em>δυναμένη</em></strong></span> <span class='ocrx_word' id='word_1_80' title='bbox 1103 1370 1124 1431; x_wconf 88' lang='grc' dir='ltr'><strong><em>η</em></strong></span> 
     </span>
     <span class='ocr_line' id='line_1_12' title="bbox 109 1448 597 1536; baseline 0.006 -21"><span class='ocrx_word' id='word_1_81' title='bbox 109 1448 172 1517; x_wconf 84' lang='grc' dir='ltr'><strong><em>δύο</em></strong></span> <span class='ocrx_word' id='word_1_82' title='bbox 196 1451 279 1535; x_wconf 86' lang='grc' dir='ltr'><strong><em>μέσα</em></strong></span> <span class='ocrx_word' id='word_1_83' title='bbox 302 1452 472 1536; x_wconf 79' lang='grc' dir='ltr'><strong><em>δυναμένη</em></strong></span> <span class='ocrx_word' id='word_1_84' title='bbox 497 1452 597 1519; x_wconf 80' lang='grc' dir='ltr'><strong><em>ἐστίν.</em></strong></span> 
     </span>
    </p>

    <p class='ocr_par' dir='ltr' id='par_1_6' title="bbox 109 1554 1126 1857">
     <span class='ocr_line' id='line_1_13' title="bbox 175 1554 1122 1644; baseline 0.001 -22"><span class='ocrx_word' id='word_1_85' title='bbox 175 1555 444 1624; x_wconf 80' lang='grc' dir='ltr'><strong><em>Κατεσκευάσθω</em></strong></span> <span class='ocrx_word' id='word_1_86' title='bbox 465 1557 557 1644; x_wconf 80' lang='grc' dir='ltr'><strong><em>[γὰρ]</em></strong></span> <span class='ocrx_word' id='word_1_87' title='bbox 573 1558 613 1623; x_wconf 85' lang='grc' dir='ltr'><strong><em>τὰ</em></strong></span> <span class='ocrx_word' id='word_1_88' title='bbox 633 1554 716 1624; x_wconf 79' lang='grc' dir='ltr'><strong><em>αὐτὰ</em></strong></span> <span class='ocrx_word' id='word_1_89' title='bbox 735 1568 805 1634; x_wconf 83' lang='grc' dir='ltr'><strong><em>τοῖς</em></strong></span> <span class='ocrx_word' id='word_1_90' title='bbox 822 1556 1122 1642; x_wconf 80' lang='grc' dir='ltr'><strong><em>προδεδειγμένοις.</em></strong></span> 
     </span>
     <span class='ocr_line' id='line_1_14' title="bbox 110 1659 1126 1751; baseline 0.001 -23"><span class='ocrx_word' id='word_1_91' title='bbox 110 1661 261 1751; x_wconf 85' lang='grc' dir='ltr'><strong><em>φανερὸν</em></strong></span> <span class='ocrx_word' id='word_1_92' title='bbox 285 1661 343 1750; x_wconf 80' lang='grc' dir='ltr'><strong><em>δή,</em></strong></span> <span class='ocrx_word' id='word_1_93' title='bbox 372 1659 422 1730; x_wconf 82' lang='grc' dir='ltr'><strong><em>ὅτι</em></strong></span> <span class='ocrx_word' id='word_1_94' title='bbox 448 1661 496 1749; x_wconf 81' lang='grc' dir='ltr'><strong><em>[ἡ]</em></strong></span> <span class='ocrx_word' id='word_1_95' title='bbox 520 1661 558 1729; x_wconf 89' lang='grc' dir='ltr'><strong><em>τὸ</em></strong></span> <span class='ocrx_word' id='word_1_96' title='bbox 582 1668 651 1739; x_wconf 75' lang='grc' dir='ltr'><strong><em>ΑΓ</em></strong></span> <span class='ocrx_word' id='word_1_97' title='bbox 674 1663 844 1748; x_wconf 90' lang='grc' dir='ltr'><strong><em>δυναμένη</em></strong></span> <span class='ocrx_word' id='word_1_98' title='bbox 873 1661 963 1728; x_wconf 82' lang='grc' dir='ltr'><strong><em>ἐστὶν</em></strong></span> <span class='ocrx_word' id='word_1_99' title='bbox 992 1660 1014 1748; x_wconf 79' lang='grc' dir='ltr'><em>ἡ</em></span> <span class='ocrx_word' id='word_1_100' title='bbox 1041 1664 1126 1747; x_wconf 75' lang='grc' dir='ltr'><strong><em>ΜΞ,</em></strong></span> 
     </span>
     <span class='ocr_line' id='line_1_15' title="bbox 109 1766 1126 1857; baseline 0 -23"><span class='ocrx_word' id='word_1_101' title='bbox 109 1770 165 1836; x_wconf 80' lang='grc' dir='ltr'><strong><em>καὶ</em></strong></span> <span class='ocrx_word' id='word_1_102' title='bbox 189 1766 240 1836; x_wconf 80' lang='grc' dir='ltr'><strong><em>ὅτι</em></strong></span> <span class='ocrx_word' id='word_1_103' title='bbox 264 1767 473 1857; x_wconf 78' lang='grc' dir='ltr'><strong><em>ἀσύμμετρός</em></strong></span> <span class='ocrx_word' id='word_1_104' title='bbox 498 1770 588 1835; x_wconf 84' lang='grc' dir='ltr'><strong><em>ἐστιν</em></strong></span> <span class='ocrx_word' id='word_1_105' title='bbox 606 1767 627 1853; x_wconf 83' lang='grc' dir='ltr'><em>ἡ</em></span> <span class='ocrx_word' id='word_1_106' title='bbox 644 1774 725 1835; x_wconf 90' lang='grc' dir='ltr'><strong><em>ΜΝ</em></strong></span> <span class='ocrx_word' id='word_1_107' title='bbox 739 1771 778 1855; x_wconf 77' lang='grc' dir='ltr'><strong><em>τῇ</em></strong></span> <span class='ocrx_word' id='word_1_108' title='bbox 793 1774 828 1834; x_wconf 94' lang='grc' dir='ltr'><em>Ν</em></span> <span class='ocrx_word' id='word_1_109' title='bbox 832 1769 862 1844; x_wconf 73' lang='grc' dir='ltr'><em>Ξ</em></span> <span class='ocrx_word' id='word_1_110' title='bbox 879 1766 1032 1853; x_wconf 88' lang='grc' dir='ltr'><strong><em>δυνάμει.</em></strong></span> <span class='ocrx_word' id='word_1_111' title='bbox 1069 1768 1126 1847; x_wconf 83' lang='grc' dir='ltr'><strong><em>καὶ</em></strong></span> 
     </span>
    </p>

    <p class='ocr_par' dir='ltr' id='par_1_7' title="bbox 58 1871 1127 2383">
     <span class='ocr_line' id='line_1_16' title="bbox 58 1871 1127 1975; baseline -0.006 -28"><span class='ocrx_word' id='word_1_112' title='bbox 58 1900 90 1947; x_wconf 79' lang='lat'><strong><em>15</em></strong></span> <span class='ocrx_word' id='word_1_113' title='bbox 110 1876 179 1943; x_wconf 78' lang='grc' dir='ltr'><strong><em>ἐπεὶ</em></strong></span> <span class='ocrx_word' id='word_1_114' title='bbox 207 1873 417 1975; x_wconf 72' lang='grc' dir='ltr'><strong><em>άσύμμετρός</em></strong></span> <span class='ocrx_word' id='word_1_115' title='bbox 445 1874 534 1940; x_wconf 83' lang='grc' dir='ltr'><strong><em>ἐστιν</em></strong></span> <span class='ocrx_word' id='word_1_116' title='bbox 557 1872 578 1959; x_wconf 78' lang='grc' dir='ltr'>ἡ</span> <span class='ocrx_word' id='word_1_117' title='bbox 602 1880 668 1940; x_wconf 84' lang='lat' dir='ltr'><strong><em>EA</em></strong></span> <span class='ocrx_word' id='word_1_118' title='bbox 694 1876 733 1961; x_wconf 74' lang='grc' dir='ltr'><strong><em>τῇ</em></strong></span> <span class='ocrx_word' id='word_1_119' title='bbox 757 1879 825 1939; x_wconf 90' lang='lat' dir='ltr'><strong><em>AB</em></strong></span> <span class='ocrx_word' id='word_1_120' title='bbox 848 1871 958 1959; x_wconf 82' lang='grc' dir='ltr'><strong><em>μήκει,</em></strong></span> <span class='ocrx_word' id='word_1_121' title='bbox 986 1875 1031 1939; x_wconf 74' lang='grc' dir='ltr'><strong><em>αἱ.</em></strong></span> <span class='ocrx_word' id='word_1_122' title='bbox 1047 1881 1127 1960; x_wconf 86' lang='grc' dir='ltr'><strong><em>ΕΛ,</em></strong></span> 
     </span>
     <span class='ocr_line' id='line_1_17' title="bbox 109 1977 1125 2069; baseline 0.001 -23"><span class='ocrx_word' id='word_1_123' title='bbox 109 1988 174 2048; x_wconf 87' lang='grc' dir='ltr'><strong><em>ΑΒ</em></strong></span> <span class='ocrx_word' id='word_1_124' title='bbox 198 1979 262 2068; x_wconf 85' lang='grc' dir='ltr'><strong><em>άρα</em></strong></span> <span class='ocrx_word' id='word_1_125' title='bbox 286 1983 386 2067; x_wconf 73' lang='grc' dir='ltr'><strong><em>ῥηταί</em></strong></span> <span class='ocrx_word' id='word_1_126' title='bbox 400 1984 465 2047; x_wconf 84' lang='grc' dir='ltr'><strong><em>εἰσι</em></strong></span> <span class='ocrx_word' id='word_1_127' title='bbox 489 1977 631 2065; x_wconf 90' lang='grc' dir='ltr'><strong><em>δυνάμει</em></strong></span> <span class='ocrx_word' id='word_1_128' title='bbox 658 1977 765 2069; x_wconf 86' lang='grc' dir='ltr'><strong><em>μόνον</em></strong></span> <span class='ocrx_word' id='word_1_129' title='bbox 793 1981 986 2064; x_wconf 86' lang='grc' dir='ltr'><strong><em>σύμμετροι·</em></strong></span> <span class='ocrx_word' id='word_1_130' title='bbox 1019 1980 1125 2066; x_wconf 82' lang='grc' dir='ltr'><strong><em>μέσον</em></strong></span> 
     </span>
     <span class='ocr_line' id='line_1_18' title="bbox 110 2081 1119 2172; baseline 0.002 -21"><span class='ocrx_word' id='word_1_131' title='bbox 110 2083 174 2171; x_wconf 85' lang='grc' dir='ltr'><strong><em>άρα</em></strong></span> <span class='ocrx_word' id='word_1_132' title='bbox 194 2085 262 2152; x_wconf 81' lang='grc' dir='ltr'><strong><em>ἐστὶ</em></strong></span> <span class='ocrx_word' id='word_1_133' title='bbox 280 2083 317 2151; x_wconf 86' lang='grc' dir='ltr'><strong><em>τὸ</em></strong></span> <span class='ocrx_word' id='word_1_134' title='bbox 338 2092 416 2172; x_wconf 87' lang='grc' dir='ltr'><strong><em>ΑΚ,</em></strong></span> <span class='ocrx_word' id='word_1_135' title='bbox 439 2085 587 2154; x_wconf 87' lang='grc' dir='ltr'><strong><em>τουτέστι</em></strong></span> <span class='ocrx_word' id='word_1_136' title='bbox 610 2081 648 2151; x_wconf 88' lang='grc' dir='ltr'><strong><em>τὸ</em></strong></span> <span class='ocrx_word' id='word_1_137' title='bbox 673 2089 891 2170; x_wconf 81' lang='grc' dir='ltr'><strong><em>συγκείμενον</em></strong></span> <span class='ocrx_word' id='word_1_138' title='bbox 915 2085 1041 2152; x_wconf 81' lang='grc' dir='ltr'><strong><em>ἐκτῶν</em></strong></span> <span class='ocrx_word' id='word_1_139' title='bbox 1058 2082 1119 2153; x_wconf 70' lang='grc' dir='ltr'><strong><em>άκδ</em></strong></span> 
     </span>
     <span class='ocr_line' id='line_1_19' title="bbox 109 2187 1122 2277; baseline 0.002 -22"><span class='ocrx_word' id='word_1_140' title='bbox 109 2193 176 2255; x_wconf 78' lang='grc' dir='ltr'><strong><em>τῶν</em></strong></span> <span class='ocrx_word' id='word_1_141' title='bbox 200 2195 293 2274; x_wconf 87' lang='grc' dir='ltr'><strong><em>ΜΝ,</em></strong></span> <span class='ocrx_word' id='word_1_142' title='bbox 313 2195 350 2255; x_wconf 92' lang='grc' dir='ltr'><em>Ν</em></span> <span class='ocrx_word' id='word_1_143' title='bbox 352 2191 387 2265; x_wconf 74' lang='grc' dir='ltr'><strong><em>Ξ.</em></strong></span> <span class='ocrx_word' id='word_1_144' title='bbox 434 2190 550 2275; x_wconf 81' lang='grc' dir='ltr'><strong><em>πάλιν,</em></strong></span> <span class='ocrx_word' id='word_1_145' title='bbox 575 2190 643 2275; x_wconf 63' lang='grc' dir='ltr'><strong><em>ἐπεὶ</em></strong></span> <span class='ocrx_word' id='word_1_146' title='bbox 668 2187 875 2276; x_wconf 81' lang='grc' dir='ltr'><strong><em>ἀσύμμετρός</em></strong></span> <span class='ocrx_word' id='word_1_147' title='bbox 899 2191 990 2257; x_wconf 79' lang='grc' dir='ltr'><strong><em>ἐστιν</em></strong></span> <span class='ocrx_word' id='word_1_148' title='bbox 1013 2190 1036 2277; x_wconf 85' lang='grc' dir='ltr'><em>ἡ</em></span> <span class='ocrx_word' id='word_1_149' title='bbox 1057 2198 1122 2259; x_wconf 82' lang='grc' dir='ltr'><strong><em>ΕΔ</em></strong></span> 
     </span>
     <span class='ocr_line' id='line_1_20' title="bbox 108 2293 1125 2383; baseline 0.004 -22"><span class='ocrx_word' id='word_1_150' title='bbox 108 2320 155 2382; x_wconf 88' lang='grc' dir='ltr'><strong><em>τη</em></strong></span> <span class='ocrx_word' id='word_1_151' title='bbox 167 2301 235 2361; x_wconf 89' lang='grc' dir='ltr'><strong><em>ΑΒ</em></strong></span> <span class='ocrx_word' id='word_1_152' title='bbox 254 2293 360 2380; x_wconf 80' lang='grc' dir='ltr'><strong><em>μήκει,</em></strong></span> <span class='ocrx_word' id='word_1_153' title='bbox 383 2293 592 2383; x_wconf 81' lang='grc' dir='ltr'><strong><em>ἀσύμμετρος</em></strong></span> <span class='ocrx_word' id='word_1_154' title='bbox 615 2293 679 2379; x_wconf 84' lang='grc' dir='ltr'><strong><em>άρα</em></strong></span> <span class='ocrx_word' id='word_1_155' title='bbox 699 2295 767 2361; x_wconf 80' lang='grc' dir='ltr'><strong><em>ἐστὶ</em></strong></span> <span class='ocrx_word' id='word_1_156' title='bbox 785 2295 841 2361; x_wconf 81' lang='grc' dir='ltr'><strong><em>καὶ</em></strong></span> <span class='ocrx_word' id='word_1_157' title='bbox 859 2295 879 2382; x_wconf 80' lang='grc' dir='ltr'><em>ἡ</em></span> <span class='ocrx_word' id='word_1_158' title='bbox 901 2302 966 2362; x_wconf 86' lang='grc' dir='ltr'><strong><em>ΖΕ</em></strong></span> <span class='ocrx_word' id='word_1_159' title='bbox 982 2299 1023 2382; x_wconf 76' lang='grc' dir='ltr'><strong><em>τῇ</em></strong></span> <span class='ocrx_word' id='word_1_160' title='bbox 1045 2303 1125 2365; x_wconf 85' lang='grc' dir='ltr'><strong><em>ΕΚ·</em></strong></span> 
     </span>
    </p>

    <p class='ocr_par' dir='ltr' id='par_1_8' title="bbox 55 2398 1127 2807">
     <span class='ocr_line' id='line_1_21' title="bbox 55 2398 1126 2490; baseline -0.003 -17"><span class='ocrx_word' id='word_1_161' title='bbox 55 2424 90 2473; x_wconf 77' lang='lat'><strong><em>20</em></strong></span> <span class='ocrx_word' id='word_1_162' title='bbox 110 2403 147 2467; x_wconf 80' lang='grc' dir='ltr'><strong><em>αέ</em></strong></span> <span class='ocrx_word' id='word_1_163' title='bbox 164 2408 235 2485; x_wconf 84' lang='grc' dir='ltr'><strong><em>ΖΕ,</em></strong></span> <span class='ocrx_word' id='word_1_164' title='bbox 254 2406 323 2466; x_wconf 82' lang='grc' dir='ltr'><strong><em>ΕΚ</em></strong></span> <span class='ocrx_word' id='word_1_165' title='bbox 340 2399 405 2484; x_wconf 84' lang='grc' dir='ltr'><strong><em>άρα</em></strong></span> <span class='ocrx_word' id='word_1_166' title='bbox 428 2403 528 2488; x_wconf 81' lang='grc' dir='ltr'><strong><em>ῥηταί</em></strong></span> <span class='ocrx_word' id='word_1_167' title='bbox 543 2406 607 2469; x_wconf 78' lang='grc' dir='ltr'><strong><em>εἰσι</em></strong></span> <span class='ocrx_word' id='word_1_168' title='bbox 631 2399 772 2487; x_wconf 81' lang='grc' dir='ltr'><strong><em>δυνάμει</em></strong></span> <span class='ocrx_word' id='word_1_169' title='bbox 795 2398 901 2486; x_wconf 88' lang='grc' dir='ltr'><strong><em>μόνον</em></strong></span> <span class='ocrx_word' id='word_1_170' title='bbox 926 2401 1126 2490; x_wconf 85' lang='grc' dir='ltr'><strong><em>σύμμετροι·</em></strong></span> 
     </span>
     <span class='ocr_line' id='line_1_22' title="bbox 109 2503 1127 2595; baseline 0.001 -21"><span class='ocrx_word' id='word_1_171' title='bbox 109 2507 211 2593; x_wconf 91' lang='grc' dir='ltr'><strong><em>μέσον</em></strong></span> <span class='ocrx_word' id='word_1_172' title='bbox 234 2504 299 2594; x_wconf 84' lang='grc' dir='ltr'><strong><em>άρα</em></strong></span> <span class='ocrx_word' id='word_1_173' title='bbox 323 2505 392 2573; x_wconf 81' lang='grc' dir='ltr'><strong><em>ἐστὶ</em></strong></span> <span class='ocrx_word' id='word_1_174' title='bbox 414 2504 451 2572; x_wconf 87' lang='grc' dir='ltr'><strong><em>τὸ</em></strong></span> <span class='ocrx_word' id='word_1_175' title='bbox 475 2513 557 2595; x_wconf 82' lang='grc' dir='ltr'><strong><em>ΕΛ,</em></strong></span> <span class='ocrx_word' id='word_1_176' title='bbox 580 2507 729 2575; x_wconf 90' lang='grc' dir='ltr'><strong><em>τουτέστι</em></strong></span> <span class='ocrx_word' id='word_1_177' title='bbox 751 2503 789 2573; x_wconf 90' lang='grc' dir='ltr'><strong><em>τὸ</em></strong></span> <span class='ocrx_word' id='word_1_178' title='bbox 811 2512 886 2591; x_wconf 88' lang='grc' dir='ltr'><strong><em>ΜΡ,</em></strong></span> <span class='ocrx_word' id='word_1_179' title='bbox 909 2508 1062 2574; x_wconf 87' lang='grc' dir='ltr'><strong><em>τουτέστι</em></strong></span> <span class='ocrx_word' id='word_1_180' title='bbox 1084 2507 1127 2575; x_wconf 87' lang='grc' dir='ltr'><strong><em>τὸ</em></strong></span> 
     </span>
     <span class='ocr_line' id='line_1_23' title="bbox 109 2610 1124 2701; baseline -0.001 -20"><span class='ocrx_word' id='word_1_181' title='bbox 109 2611 175 2681; x_wconf 81' lang='grc' dir='ltr'><strong><em>ὑπὸ</em></strong></span> <span class='ocrx_word' id='word_1_182' title='bbox 197 2624 264 2680; x_wconf 81' lang='grc' dir='ltr'><strong><em>τῶν</em></strong></span> <span class='ocrx_word' id='word_1_183' title='bbox 287 2613 406 2688; x_wconf 76' lang='grc' dir='ltr'><strong><em>ΜΝΞ.</em></strong></span> <span class='ocrx_word' id='word_1_184' title='bbox 447 2613 503 2678; x_wconf 80' lang='grc' dir='ltr'><strong><em>καὶ</em></strong></span> <span class='ocrx_word' id='word_1_185' title='bbox 527 2613 595 2680; x_wconf 82' lang='grc' dir='ltr'><strong><em>ἐπεὶ</em></strong></span> <span class='ocrx_word' id='word_1_186' title='bbox 619 2611 827 2699; x_wconf 83' lang='grc' dir='ltr'><strong><em>ἀσύμμετρος</em></strong></span> <span class='ocrx_word' id='word_1_187' title='bbox 848 2610 868 2698; x_wconf 82' lang='grc' dir='ltr'><em>ἡ</em></span> <span class='ocrx_word' id='word_1_188' title='bbox 892 2618 962 2678; x_wconf 89' lang='grc' dir='ltr'><strong><em>ΑΕ</em></strong></span> <span class='ocrx_word' id='word_1_189' title='bbox 983 2615 1023 2701; x_wconf 77' lang='grc' dir='ltr'><strong><em>τῇ</em></strong></span> <span class='ocrx_word' id='word_1_190' title='bbox 1048 2619 1124 2700; x_wconf 88' lang='grc' dir='ltr'><strong><em>ΕΖ,</em></strong></span> 
     </span>
     <span class='ocr_line' id='line_1_24' title="bbox 108 2714 1125 2807; baseline 0.002 -22"><span class='ocrx_word' id='word_1_191' title='bbox 108 2719 165 2786; x_wconf 82' lang='grc' dir='ltr'><strong><em>καὶ</em></strong></span> <span class='ocrx_word' id='word_1_192' title='bbox 191 2717 228 2785; x_wconf 88' lang='grc' dir='ltr'><strong><em>τὸ</em></strong></span> <span class='ocrx_word' id='word_1_193' title='bbox 253 2724 324 2785; x_wconf 89' lang='grc' dir='ltr'><strong><em>ΑΚ</em></strong></span> <span class='ocrx_word' id='word_1_194' title='bbox 345 2720 390 2807; x_wconf 78' lang='grc' dir='ltr'><strong><em>τῷ</em></strong></span> <span class='ocrx_word' id='word_1_195' title='bbox 415 2723 480 2784; x_wconf 86' lang='grc' dir='ltr'><strong><em>ΕΛ</em></strong></span> <span class='ocrx_word' id='word_1_196' title='bbox 503 2715 715 2807; x_wconf 79' lang='grc' dir='ltr'><strong><em>ἀσύμμετρόν</em></strong></span> <span class='ocrx_word' id='word_1_197' title='bbox 743 2718 841 2785; x_wconf 78' lang='grc' dir='ltr'><strong><em>ἐστιν.</em></strong></span> <span class='ocrx_word' id='word_1_198' title='bbox 887 2714 970 2785; x_wconf 71' lang='grc' dir='ltr'><strong><em>ἀλλὰ</em></strong></span> <span class='ocrx_word' id='word_1_199' title='bbox 997 2717 1036 2786; x_wconf 86' lang='grc' dir='ltr'><strong><em>τὸ</em></strong></span> <span class='ocrx_word' id='word_1_200' title='bbox 1060 2719 1125 2806; x_wconf 74' lang='grc' dir='ltr'><strong><em>μὲν</em></strong></span> 
     </span>
    </p>
   </div>
   <div class='ocr_carea' id='block_1_4' title="bbox 107 2853 1124 3493">
    <p class='ocr_par' dir='ltr' id='par_1_9' title="bbox 107 2853 1124 3493">
     <span class='ocr_line' id='line_1_25' title="bbox 181 2853 1123 2928; baseline 0.003 -17"><span class='ocrx_word' id='word_1_201' title='bbox 181 2864 204 2911; x_wconf 96' lang='grc'><strong><em>1.</em></strong></span> <span class='ocrx_word' id='word_1_202' title='bbox 225 2853 300 2911; x_wconf 78' lang='grc' dir='ltr'><strong><em>ἐστίν</em></strong></span> <span class='ocrx_word' id='word_1_203' title='bbox 320 2856 378 2912; x_wconf 92' lang='grc' dir='ltr'><strong><em>ΡΒ.</em></strong></span> <span class='ocrx_word' id='word_1_204' title='bbox 434 2865 458 2912; x_wconf 87' lang='grc'><strong><em>6.</em></strong></span> <span class='ocrx_word' id='word_1_205' title='bbox 477 2854 508 2928; x_wconf 74' lang='grc' dir='ltr'><strong><em>ἡ]</em></strong></span> <span class='ocrx_word' id='word_1_206' title='bbox 528 2860 627 2928; x_wconf 71' lang='grc' dir='ltr'><strong><em>μοιδοο</em></strong></span> <span class='ocrx_word' id='word_1_207' title='bbox 644 2859 695 2915; x_wconf 83' lang='lat' dir='ltr'><strong>ins.</strong></span> <span class='ocrx_word' id='word_1_208' title='bbox 714 2858 742 2911; x_wconf 72' lang='lat' dir='ltr'><strong><em>F.</em></strong></span> <span class='ocrx_word' id='word_1_209' title='bbox 804 2855 890 2927; x_wconf 82' lang='grc' dir='ltr'><strong><em>μέσας</em></strong></span> <span class='ocrx_word' id='word_1_210' title='bbox 908 2856 939 2925; x_wconf 90' lang='grc' dir='ltr'><strong><em>Ρ,</em></strong></span> <span class='ocrx_word' id='word_1_211' title='bbox 957 2874 1027 2913; x_wconf 79' lang='lat' dir='ltr'><strong>corr.</strong></span> <span class='ocrx_word' id='word_1_212' title='bbox 1043 2877 1081 2913; x_wconf 87' lang='lat' dir='ltr'><strong><em>m.</em></strong></span> <span class='ocrx_word' id='word_1_213' title='bbox 1098 2866 1123 2914; x_wconf 92' lang='lat'><strong><em>1.</em></strong></span> 
     </span>
     <span class='ocr_line' id='line_1_26' title="bbox 145 2924 1124 3001; baseline -0.001 -19"><span class='ocrx_word' id='word_1_214' title='bbox 145 2924 206 2997; x_wconf 66' lang='grc' dir='ltr'><strong><em>’έᾷ</em></strong></span> <span class='ocrx_word' id='word_1_215' title='bbox 226 2927 274 2995; x_wconf 85' lang='grc' dir='ltr'><strong><em>τῆς</em></strong></span> <span class='ocrx_word' id='word_1_216' title='bbox 305 2943 358 2981; x_wconf 90' lang='lat' dir='ltr'><strong><em>om.</em></strong></span> <span class='ocrx_word' id='word_1_217' title='bbox 378 2928 408 2982; x_wconf 74' lang='lat' dir='ltr'><strong><em>F.</em></strong></span> <span class='ocrx_word' id='word_1_218' title='bbox 482 2924 615 2998; x_wconf 80' lang='grc' dir='ltr'><strong><em>10.ἡ-</em></strong></span> <span class='ocrx_word' id='word_1_219' title='bbox 643 2926 800 3000; x_wconf 84' lang='grc' dir='ltr'><strong><em>δυναμένη]</em></strong></span> <span class='ocrx_word' id='word_1_220' title='bbox 823 2946 879 2998; x_wconf 83' lang='lat' dir='ltr'><strong><em>mg.</em></strong></span> <span class='ocrx_word' id='word_1_221' title='bbox 898 2928 1014 2983; x_wconf 88' lang='lat' dir='ltr'><strong>m.1P.</strong></span> <span class='ocrx_word' id='word_1_222' title='bbox 1090 2925 1124 3001; x_wconf 84' lang='grc' dir='ltr'><strong><em>ἡ]</em></strong></span> 
     </span>
     <span class='ocr_line' id='line_1_27' title="bbox 109 2947 1123 3069; baseline 0.004 -16"><span class='ocrx_word' id='word_1_223' title='bbox 109 2999 180 3068; x_wconf 75' lang='lat' dir='ltr'>(alt.)</span> <span class='ocrx_word' id='word_1_224' title='bbox 199 2947 267 3067; x_wconf 71' lang='grc' dir='ltr'><strong><em>άλοη</em></strong></span> <span class='ocrx_word' id='word_1_225' title='bbox 287 3018 300 3060; x_wconf 82' lang='grc' dir='ltr'><strong><em>ς</em></strong></span> <span class='ocrx_word' id='word_1_226' title='bbox 320 2993 394 3052; x_wconf 78' lang='grc' dir='ltr'><strong><em>ἔστιν</em></strong></span> <span class='ocrx_word' id='word_1_227' title='bbox 408 2993 426 3067; x_wconf 82' lang='grc' dir='ltr'>ἡ</span> <span class='ocrx_word' id='word_1_228' title='bbox 441 2997 601 3069; x_wconf 76' lang='grc' dir='ltr'><strong><em>καλουμένη</em></strong></span> <span class='ocrx_word' id='word_1_229' title='bbox 620 2999 677 3063; x_wconf 84' lang='lat' dir='ltr'><strong><em>Vb,</em></strong></span> <span class='ocrx_word' id='word_1_230' title='bbox 697 3014 795 3054; x_wconf 79' lang='lat' dir='ltr'>ecorr.</span> <span class='ocrx_word' id='word_1_231' title='bbox 810 2998 840 3052; x_wconf 77' lang='lat' dir='ltr'><strong><em>F.</em></strong></span> <span class='ocrx_word' id='word_1_232' title='bbox 896 3004 937 3053; x_wconf 90' lang='lat'><strong><em>11.</em></strong></span> <span class='ocrx_word' id='word_1_233' title='bbox 958 2995 1047 3069; x_wconf 78' lang='grc' dir='ltr'><strong><em>ἐστίν]</em></strong></span> <span class='ocrx_word' id='word_1_234' title='bbox 1067 3000 1123 3057; x_wconf 70' lang='grc' dir='ltr'><strong><em>δαὶ</em></strong></span> 
     </span>
     <span class='ocr_line' id='line_1_28' title="bbox 108 3066 1122 3193; baseline 0.001 -70"><span class='ocrx_word' id='word_1_235' title='bbox 108 3070 139 3138; x_wconf 85' lang='lat' dir='ltr'><strong><em>F,</em></strong></span> <span class='ocrx_word' id='word_1_236' title='bbox 159 3084 213 3123; x_wconf 89' lang='lat' dir='ltr'><strong><em>om.</em></strong></span> <span class='ocrx_word' id='word_1_237' title='bbox 233 3069 289 3125; x_wconf 81' lang='lat' dir='ltr'><strong><em>Vb.</em></strong></span> <span class='ocrx_word' id='word_1_238' title='bbox 363 3075 405 3123; x_wconf 79' lang='lat'><strong><em>12.</em></strong></span> <span class='ocrx_word' id='word_1_239' title='bbox 424 3067 646 3125; x_wconf 76' lang='grc' dir='ltr'><strong><em>κατασκευάσδω</em></strong></span> <span class='ocrx_word' id='word_1_240' title='bbox 665 3071 699 3127; x_wconf 89' lang='lat' dir='ltr'><strong><em>V.</em></strong></span> <span class='ocrx_word' id='word_1_241' title='bbox 767 3066 842 3193; x_wconf 45' lang='grc' dir='ltr'><strong><em>ηάρὲἸ</em></strong></span> <span class='ocrx_word' id='word_1_242' title='bbox 853 3086 907 3125; x_wconf 89' lang='lat' dir='ltr'><strong><em>om.</em></strong></span> <span class='ocrx_word' id='word_1_243' title='bbox 926 3069 957 3123; x_wconf 91' lang='lat' dir='ltr'><strong><em>P.</em></strong></span> <span class='ocrx_word' id='word_1_244' title='bbox 1026 3076 1070 3124; x_wconf 88' lang='grc'><strong><em>13.</em></strong></span> <span class='ocrx_word' id='word_1_245' title='bbox 1089 3067 1122 3141; x_wconf 83' lang='grc' dir='ltr'><strong><em>ἡ]</em></strong></span> 
     </span>
     <span class='ocr_line' id='line_1_29' title="bbox 109 3137 1122 3212; baseline 0.002 -17"><span class='ocrx_word' id='word_1_246' title='bbox 109 3156 163 3195; x_wconf 88' lang='lat' dir='ltr'><strong><em>om.</em></strong></span> <span class='ocrx_word' id='word_1_247' title='bbox 182 3138 240 3194; x_wconf 78' lang='lat' dir='ltr'><strong><em>PF.</em></strong></span> <span class='ocrx_word' id='word_1_248' title='bbox 297 3145 337 3193; x_wconf 81' lang='lat'><strong><em>15.</em></strong></span> <span class='ocrx_word' id='word_1_249' title='bbox 358 3141 422 3210; x_wconf 83' lang='lat' dir='ltr'><strong><em>EA]</em></strong></span> <span class='ocrx_word' id='word_1_250' title='bbox 442 3143 494 3194; x_wconf 82' lang='grc' dir='ltr'><strong><em>ΑΕ</em></strong></span> <span class='ocrx_word' id='word_1_251' title='bbox 513 3141 598 3196; x_wconf 82' lang='lat' dir='ltr'><strong>FVb.</strong></span> <span class='ocrx_word' id='word_1_252' title='bbox 653 3141 718 3212; x_wconf 87' lang='lat' dir='ltr'><strong><em>EA]</em></strong></span> <span class='ocrx_word' id='word_1_253' title='bbox 738 3137 801 3194; x_wconf 71' lang='grc' dir='ltr'><strong><em>ΑΕΙ</em></strong></span> <span class='ocrx_word' id='word_1_254' title='bbox 844 3140 1024 3207; x_wconf 77' lang='lat' dir='ltr'><strong>‚inras.V.</strong></span> <span class='ocrx_word' id='word_1_255' title='bbox 1078 3148 1122 3197; x_wconf 85' lang='grc'><strong><em>16.</em></strong></span> 
     </span>
     <span class='ocr_line' id='line_1_30' title="bbox 110 3205 1122 3283; baseline 0.003 -20"><span class='ocrx_word' id='word_1_256' title='bbox 110 3209 180 3265; x_wconf 79' lang='grc' dir='ltr'><strong><em>εἰσιν</em></strong></span> <span class='ocrx_word' id='word_1_257' title='bbox 198 3208 230 3262; x_wconf 87' lang='grc' dir='ltr'><strong><em>Β.</em></strong></span> <span class='ocrx_word' id='word_1_258' title='bbox 309 3215 349 3264; x_wconf 84' lang='grc'><strong><em>17.</em></strong></span> <span class='ocrx_word' id='word_1_259' title='bbox 370 3206 445 3264; x_wconf 78' lang='grc' dir='ltr'><strong><em>ἐστίν</em></strong></span> <span class='ocrx_word' id='word_1_260' title='bbox 464 3211 494 3265; x_wconf 91' lang='grc' dir='ltr'><strong><em>Ρ.</em></strong></span> <span class='ocrx_word' id='word_1_261' title='bbox 565 3205 641 3264; x_wconf 67' lang='grc' dir='ltr'><strong><em>’άπὸ</em></strong></span> <span class='ocrx_word' id='word_1_262' title='bbox 661 3207 900 3266; x_wconf 76' lang='grc' dir='ltr'><strong><em>τῶν’έκτῶνΡ.</em></strong></span> <span class='ocrx_word' id='word_1_263' title='bbox 979 3215 1020 3265; x_wconf 87' lang='grc'><strong><em>18.</em></strong></span> <span class='ocrx_word' id='word_1_264' title='bbox 1041 3212 1122 3283; x_wconf 74' lang='grc' dir='ltr'><strong><em>ΝΞ]</em></strong></span> 
     </span>
     <span class='ocr_line' id='line_1_31' title="bbox 107 3277 1121 3351; baseline 0.002 -18"><span class='ocrx_word' id='word_1_265' title='bbox 107 3279 293 3338; x_wconf 69' lang='grc' dir='ltr'><strong><em>111111.ἱυΞΝ</em></strong></span> <span class='ocrx_word' id='word_1_266' title='bbox 304 3278 337 3333; x_wconf 87' lang='lat' dir='ltr'><strong><em>V.</em></strong></span> <span class='ocrx_word' id='word_1_267' title='bbox 395 3286 434 3334; x_wconf 84' lang='lat'><strong><em>19.</em></strong></span> <span class='ocrx_word' id='word_1_268' title='bbox 449 3280 574 3335; x_wconf 76' lang='lat' dir='ltr'>PostAB</span> <span class='ocrx_word' id='word_1_269' title='bbox 586 3282 650 3335; x_wconf 80' lang='lat' dir='ltr'>add.</span> <span class='ocrx_word' id='word_1_270' title='bbox 660 3278 785 3335; x_wconf 84' lang='grc' dir='ltr'><strong><em>τουτέστι</em></strong></span> <span class='ocrx_word' id='word_1_271' title='bbox 794 3283 828 3351; x_wconf 80' lang='grc' dir='ltr'><strong><em>τῇ</em></strong></span> <span class='ocrx_word' id='word_1_272' title='bbox 844 3284 900 3335; x_wconf 85' lang='grc' dir='ltr'><strong><em>ΕΚ</em></strong></span> <span class='ocrx_word' id='word_1_273' title='bbox 914 3281 946 3335; x_wconf 88' lang='lat' dir='ltr'><strong><em>V.</em></strong></span> <span class='ocrx_word' id='word_1_274' title='bbox 998 3277 1074 3335; x_wconf 74' lang='grc' dir='ltr'><strong><em>ἐστίν</em></strong></span> <span class='ocrx_word' id='word_1_275' title='bbox 1088 3281 1121 3336; x_wconf 93' lang='grc' dir='ltr'><strong><em>Β.</em></strong></span> 
     </span>
     <span class='ocr_line' id='line_1_32' title="bbox 144 3348 1120 3424; baseline 0 -19"><span class='ocrx_word' id='word_1_276' title='bbox 144 3351 214 3422; x_wconf 87' lang='grc' dir='ltr'><strong><em>ΖΕ]</em></strong></span> <span class='ocrx_word' id='word_1_277' title='bbox 234 3352 285 3403; x_wconf 89' lang='grc' dir='ltr'><strong><em>ΕΖ</em></strong></span> <span class='ocrx_word' id='word_1_278' title='bbox 304 3351 333 3405; x_wconf 89' lang='grc' dir='ltr'><strong><em>Ρ.</em></strong></span> <span class='ocrx_word' id='word_1_279' title='bbox 406 3348 731 3421; x_wconf 69' lang='grc' dir='ltr'><strong><em>ιο.αῑ]κα1αι”ΒΕο.</em></strong></span> <span class='ocrx_word' id='word_1_280' title='bbox 796 3351 867 3406; x_wconf 80' lang='grc' dir='ltr'><strong><em>εἰσιν</em></strong></span> <span class='ocrx_word' id='word_1_281' title='bbox 885 3352 915 3405; x_wconf 92' lang='grc' dir='ltr'><strong><em>Ρ.</em></strong></span> <span class='ocrx_word' id='word_1_282' title='bbox 979 3357 1022 3407; x_wconf 78' lang='grc'><strong><em>21.</em></strong></span> <span class='ocrx_word' id='word_1_283' title='bbox 1041 3353 1120 3424; x_wconf 87' lang='grc' dir='ltr'><strong><em>ΜΡ]</em></strong></span> 
     </span>
     <span class='ocr_line' id='line_1_33' title="bbox 107 3417 1119 3493; baseline -0.001 -16"><span class='ocrx_word' id='word_1_284' title='bbox 107 3437 226 3477; x_wconf 57' lang='lat' dir='ltr'>cortex</span> <span class='ocrx_word' id='word_1_285' title='bbox 245 3424 307 3475; x_wconf 83' lang='lat' dir='ltr'><strong><em>ME</em></strong></span> <span class='ocrx_word' id='word_1_286' title='bbox 324 3438 361 3476; x_wconf 91' lang='lat' dir='ltr'><strong><em>m.</em></strong></span> <span class='ocrx_word' id='word_1_287' title='bbox 380 3436 435 3475; x_wconf 85' lang='lat' dir='ltr'>reo.</span> <span class='ocrx_word' id='word_1_288' title='bbox 454 3419 480 3475; x_wconf 90' lang='lat' dir='ltr'><strong><em>b.</em></strong></span> <span class='ocrx_word' id='word_1_289' title='bbox 553 3421 695 3476; x_wconf 80' lang='grc' dir='ltr'><strong><em>τουτέστιν</em></strong></span> <span class='ocrx_word' id='word_1_290' title='bbox 714 3423 743 3476; x_wconf 91' lang='grc' dir='ltr'><strong><em>Ρ.</em></strong></span> <span class='ocrx_word' id='word_1_291' title='bbox 817 3427 859 3478; x_wconf 81' lang='lat'><strong><em>22.</em></strong></span> <span class='ocrx_word' id='word_1_292' title='bbox 879 3418 910 3493; x_wconf 82' lang='grc' dir='ltr'><strong><em>ἡ]</em></strong></span> <span class='ocrx_word' id='word_1_293' title='bbox 931 3417 1037 3492; x_wconf 82' lang='grc' dir='ltr'><strong><em>έστινὴ</em></strong></span> <span class='ocrx_word' id='word_1_294' title='bbox 1058 3423 1119 3478; x_wconf 80' lang='lat' dir='ltr'><strong><em>FV.</em></strong></span> 
     </span>
    </p>
   </div>
   <div class='ocr_carea' id='block_1_5' title="bbox 139 3488 426 3565">
    <p class='ocr_par' dir='ltr' id='par_1_10' title="bbox 139 3488 426 3565">
     <span class='ocr_line' id='line_1_34' title="bbox 139 3488 426 3565; baseline 0 -17"><span class='ocrx_word' id='word_1_295' title='bbox 139 3498 182 3549; x_wconf 74' lang='lat'><strong><em>23.</em></strong></span> <span class='ocrx_word' id='word_1_296' title='bbox 202 3488 380 3565; x_wconf 82' lang='grc' dir='ltr'><strong><em>άτάμμετρος</em></strong></span> <span class='ocrx_word' id='word_1_297' title='bbox 398 3489 426 3548; x_wconf 83' lang='lat' dir='ltr'><strong><em>F.</em></strong></span> 
     </span>
    </p>
   </div>
   <div class='ocr_carea' id='block_1_6' title="bbox 0 0 1194 3832">
    <p class='ocr_par' dir='ltr' id='par_1_11' title="bbox 0 0 1194 3832">
     <span class='ocr_line' id='line_1_35' title="bbox 0 0 1194 3832; baseline 0 0"><span class='ocrx_word' id='word_1_298' title='bbox 0 0 1194 3832; x_wconf 95' lang='lat' dir='ltr'><strong><em> </em></strong></span> 
     </span>
    </p>
   </div>
  </div>
 </body>
</html>
