2378 3832
114 194 180 261 mo
501 187 748 246 mmmm

114 341 181 403 ΓΛ
212 335 480 421 παραβεβλήσθω
509 332 545 401 τὸ
571 339 632 401 ΓΘ
660 334 782 413 πλάτος
812 333 934 399 ποιοῦν
962 333 1025 417 τὴν
1053 336 1127 417 ΓΚ,

114 445 159 531 τῷ
185 439 222 508 δὲ
245 439 310 508 άπὸ
338 444 396 527 τῆς
420 446 487 507 ΗΒ
512 448 587 508 ἴσον
615 465 652 508 το
683 445 716 506 Κ
723 445 752 505 Λ
778 437 900 516 πλάτος
923 440 1045 505 ποιοῦν
1068 440 1128 523 τὴν

115 553 204 614 ΚΜ
245 543 326 614 ὅλου
349 544 415 632 άροι
438 545 474 613 τὸ
498 551 559 613 ΓΛ
582 553 659 614 ἴσον
684 545 752 613 ἐστὶ
774 555 845 623 τοῖς
867 540 932 610 άπὸ
955 553 1025 611 τῶν
1049 552 1081 610 Α
1089 550 1127 629 Η,

114 657 195 719 ΗΒ·
220 653 323 738 μέσον
343 650 407 741 άροι
430 651 486 720 καὶ
509 650 546 720 τὸ
566 659 639 720 ΓΛ.
675 652 731 720 καὶ
754 649 843 740 παρὰ
863 650 968 738 ῥητὴν
987 648 1050 736 τὴν
1071 656 1134 717 ΓΔ.

79 758 307 848 ιποιράιιειτυι
330 757 454 838 πλάτος
477 763 598 827 ποιοῦν
621 758 683 845 τὴν
707 764 791 826 ΓΜ·
834 757 916 846 ῥητὴ
944 756 1012 845 ἅμα
1040 757 1127 825 ἐστὶν

45 939 49 947 ,
114 863 134 952 ἡ
159 871 234 933 ΓΜ
252 865 308 933 παλ
332 863 542 952 ἀσύμμετρος
564 869 603 954 τῇ
624 871 685 933 ΓΔ
703 865 807 952 μήκει.
844 865 899 933 κοιλ
923 864 994 933 ἐπεὶ
1013 862 1052 931 τὸ
1072 869 1127 931 ΓΛ

114 979 190 1039 ἴσον
215 971 283 1039 ἐστὶ
306 983 376 1050 τοῖς
399 967 464 1037 άπὸ
488 981 556 1039 τῶν
576 977 657 1057 ΑΗ,
673 977 752 1057 ΗΒ,
777 962 825 1039 ὧν
844 972 881 1038 τὸ
900 970 966 1039 άπὸ
987 973 1047 1056 τῆς
1066 977 1126 1037 ΑΒ

114 1084 190 1145 ἴσον
215 1077 283 1144 ἐστὶ
306 1079 351 1169 τῷ
377 1082 455 1162 ΓΕ,
488 1080 609 1145 λοιπὸν
637 1075 702 1165 άμα
729 1077 766 1145 τὸ
791 1076 843 1156 δὶς
866 1074 931 1144 ὑπὸ
955 1086 1024 1145 τῶν
1050 1082 1127 1161 ΑΗ,

112 1190 180 1250 ΗΒ
210 1191 285 1251 ἴσον
315 1183 382 1251 ἐστὶ
410 1187 455 1274 τῷ
480 1190 552 1251 ΖΛ.
599 1185 701 1269 ῥητὸν
726 1183 765 1251 δέ
791 1185 894 1267 [ἐστι]
924 1186 961 1250 τὸ
987 1184 1041 1263 δὶς
1063 1181 1125 1252 ὑπὸ

60 1313 93 1362 10
112 1292 180 1357 τῶν
205 1295 288 1376 ΛΗ,
312 1295 393 1355 ΗΒ·
430 1287 533 1375 ῥητὸν
557 1287 622 1376 ἅμα
645 1293 682 1357 τὸ
707 1296 780 1358 ΖΛ.
821 1288 876 1356 κοιλ
904 1292 994 1377 παρὰ
1023 1288 1126 1376 ῥητὴν

112 1399 174 1480 τὴν
190 1402 254 1463 ΖΕ
271 1394 466 1481 παράκειται
485 1394 606 1476 πλάτος
624 1405 747 1464 ποιοῦν
770 1398 833 1482 τὴν
852 1402 935 1463 ΖΜ·
960 1397 1043 1483 ῥητὴ
1065 1395 1126 1482 ἄρα

113 1500 181 1568 ἐστὶ
204 1501 259 1567 καὶ
283 1497 304 1586 ἡ
325 1506 403 1566 ΖΜ
415 1501 471 1567 ιιοιὶ
490 1499 675 1588 σύμμετρος
693 1511 732 1589 τῇ
748 1505 810 1568 ΓΔ
828 1498 935 1587 μήκει.
973 1501 1044 1569 ἐπεὶ
1066 1493 1125 1568 οὖν

111 1610 151 1674 τά
176 1606 237 1694 μὲν
260 1603 326 1675 άπὸ
354 1610 421 1676 τοόν
448 1613 536 1692 ΑΗ,
560 1613 643 1692 ΗΒ,
676 1608 824 1675 τουτέστι
853 1604 890 1674 τὸ
915 1611 991 1693 ΓΛ,
1025 1609 1126 1695 μέσον

112 1715 213 1799 ἐστίν,
237 1717 275 1781 τὸ
300 1713 337 1782 δὲ
361 1712 414 1793 δὶς
432 1710 498 1781 ὑπὸ
522 1717 591 1781 τῶν
613 1720 695 1798 ΑΗ,
713 1720 793 1799 ΗΒ,
816 1713 966 1781 τουτέστι
989 1711 1027 1781 τὸ
1054 1720 1126 1798 ΖΛ,

59 1843 92 1892 15
111 1819 226 1907 ῥητόν,
250 1817 464 1909 ἀσύμμετρον
484 1818 549 1906 άοοι
569 1820 637 1887 ἐστὶ
656 1817 693 1888 τὸ
712 1825 773 1887 ΓΛ
791 1823 835 1912 τῷ
857 1826 930 1887 ΖΛ.
967 1815 1012 1898 ὥς
1032 1818 1070 1887 δὲ
1090 1818 1126 1886 τὸ

113 1931 172 1993 ΓΛ
196 1929 277 2015 πρὸς
300 1930 337 1995 τὸ
362 1934 441 2013 ΖΛ,
467 1924 572 2006 οὕτως
596 1927 685 1995 ἐστὶν
709 1924 730 2013 ἡ
755 1932 828 1995 ΓΜ
849 1924 932 2014 πρὸς
954 1924 1017 2012 τὴν
1043 1933 1126 1994 ΖΜ·

112 2029 322 2121 ἀσύμμετρος
345 2031 410 2115 άοα
433 2029 453 2119 ἡ
477 2038 555 2099 ΓΜ
573 2036 612 2121 τῇ
639 2038 714 2100 ΖΜ
733 2030 836 2119 μήκει.
878 2037 938 2099 καί
957 2037 1046 2100 εἰσιν
1068 2031 1126 2119 άμ-

113 2137 252 2224 φότεραι
276 2141 385 2227 ῥηταί·
419 2142 456 2206 αλ
478 2137 544 2226 άμα
567 2145 656 2225 ΓΜ,
680 2146 752 2206 ΜΖ
776 2141 876 2227 ῥητοί
896 2142 960 2207 εἰσι
986 2136 1126 2225 δυνάμει

112 2243 219 2331 μόνον
244 2243 437 2331 σύμμετροι·
466 2243 486 2331 ἡ
512 2251 573 2312 ΓΖ
596 2243 661 2333 άοα
685 2244 835 2332 άποτομή
861 2246 960 2314 ἐστιν.

57 2374 91 2424 20
180 2350 276 2436 Λέγω
301 2350 354 2435 δή,
380 2348 430 2418 ὅτι
453 2351 508 2417 καὶ
533 2353 680 2438 δευτέρα.

183 2453 366 2542 Τετμήσθω
390 2454 454 2544 γὰρ
478 2452 498 2542 ἡ
524 2464 600 2524 ΖΜ
620 2461 695 2545 Βίχοι
718 2455 800 2524 κατὰ
824 2455 861 2525 τὸ
886 2463 931 2542 Ν,
954 2457 1010 2524 κοιλ
1032 2455 1127 2544 ἤχθω

87 2562 168 2632 Δδιά
193 2572 255 2630 τοῦ
278 2568 317 2629 Ν
335 2565 374 2651 τῇ
400 2567 461 2628 ΓΛ
484 2565 695 2651 παράλληλος
717 2561 737 2648 ἡ
763 2564 841 2638 ΝΞ·
879 2561 1039 2652 ἑκάτερον
1063 2562 1128 2650 ἄρα

111 2674 179 2738 τῶν
204 2671 281 2756 ΖΞ,
305 2675 376 2736 ΝΛ
399 2678 475 2737 λ’σον
500 2668 567 2736 ἐστὶ
586 2672 635 2760 ’τῷ
659 2666 725 2736 ὑπὸ
749 2671 816 2736 των
840 2675 925 2755 ΛΗ,
950 2676 1027 2736 ΗΒ.
1073 2669 1129 2736 καὶ

113 2776 182 2842 ἐπεὶ
205 2780 273 2843 τῶν
297 2772 361 2843 ἀπὸ
385 2780 452 2844 τῶν
476 2781 557 2860 ΑΗ,
581 2772 649 2840 ΗΒ
676 2777 895 2861 τετραγώνων
919 2775 1023 2861 μέσον
1048 2772 1128 2843 άνά-

185 2975 208 3022 1.
234 2965 266 3025 τὸ
287 2964 343 3038 άρυ
363 2968 511 3041 βεβλῆσθαι
533 2989 562 3037 φ.
636 2965 668 3024 τὸ
690 2970 835 3095 ΓΘμὶοιο.
854 2970 888 3039 V,
908 2987 994 3040 supra
1012 2973 1057 3027 est
1074 2987 1128 3026 ras.

149 3036 731 3111 mwmww.amm

112 3112 165 3164 νοιί
182 3106 240 3164 ἔστι
263 3107 297 3164 τά
322 3106 378 3164 άπὸ
402 3111 458 3165 τῶν
478 3115 547 3180 ΑΗ,
568 3114 622 3164 ΗΒ
647 3108 719 3179 μέσοι
738 3112 786 3166 ιιοιὶ
806 3113 853 3166 ἴσοι
870 3117 908 3186 τῷ
930 3115 977 3168 ΓΛ
996 3112 1030 3166 V.
1104 3118 1131 3167 6.

111 3178 194 3252 ῥητή]
216 3178 263 3249 -τή
282 3181 311 3234 in
330 3198 383 3235 ras.
402 3181 432 3237 P.
507 3189 531 3238 6.
555 3176 572 3250 ἡ
593 3185 657 3236 ΓΜ
678 3184 744 3254 καί]
768 3201 805 3238 m.
825 3189 840 3237 Β
860 3183 890 3238 F.
963 3188 988 3240 8.
1013 3179 1128 3239 έστὶτῶ

111 3252 181 3322 ΓΕ]
201 3252 238 3324 τῷ
259 3255 313 3340 ΓΒ
333 3245 371 3305 ὧν
392 3272 421 3319 φ.
474 3259 511 3340 ,9.
532 3249 603 3324 ἔστι]
622 3269 676 3307 om.
696 3254 726 3309 Ρ.
797 3259 839 3310 10.
859 3249 928 3325 ἄρα]
949 3250 1080 3309 ἕστιιιοιί
1096 3238 1128 3322 V,

109 3322 403 3449 {giral'aggfflgcoffi'
419 3329 455 3448 213)
468 3326 592 3449 αραλέολέ
603 3323 779 3464 ΞλῗτάᾳάοιΜφ)ο
814 3331 881 3466 2312]
897 3321 1060 3452 ΓῗίνευΒυο
1078 3330 1128 3452 ³10ss

100 3469 135 3534 Z,
160 3467 184 3521 ι
270 3436 311 3524 ι’,
337 3412 572 3539 ιιλιιιι.
622 3415 856 3538 ηιιιιιι
930 3437 971 3521 ιι.
995 3415 1139 3605 λιι,

28 3600 30 3605 ,
88 3539 136 3614 ιμ’
151 3538 187 3613 Β,
210 3557 284 3601 corr.
306 3560 345 3599 m.
367 3547 391 3599 2.
471 3534 698 3612 {otiv]om.¹1.
762 3532 1120 3604 Πάολιμμιιιις-ἰιῖο

850 3047 875 3095 4.
900 3042 968 3096 Post
987 3045 1043 3096 ΗΒ
1064 3043 1128 3097 add.
