2378 3832
114 159 180 224 274
500 158 702 212 monam
720 153 748 212 ι’.

114 300 151 369 τὸ
176 298 240 369 ἀπὸ
260 304 318 387 τῆς
338 305 409 368 ΖΗ
426 303 488 369 τοῦ
506 300 571 368 ἀπὸ
590 304 649 386 τῆς
666 306 745 384 ΗΘ,
769 305 852 367 ἔστω
870 296 909 366 τὸ
928 293 995 365 ἀπὸ
1012 299 1071 383 τῆς
1089 301 1127 363 K.

116 406 185 476 ἐπεὶ
209 398 273 474 οὖν
296 409 386 474 ἐστιν
410 404 454 487 ὡς
473 403 491 474 ὁ
510 412 577 472 ΒΓ
595 405 679 494 πρὸς
702 405 764 474 τὸν
783 412 856 491 ΓΛ,
880 400 988 484 οὕτως
1005 400 1044 470 τὸ
1064 400 1126 469 ἀπὸ

114 517 173 599 τῆς
191 520 264 580 ΖΗ
277 512 361 602 πρὸς
379 511 415 581 τὸ
435 510 500 580 ἀπὸ
518 515 577 598 τῆς
595 518 674 596 ΗΘ,
692 509 939 597 ἀναστρέψαντι
952 507 1019 598 ἄρα
1039 508 1128 575 ἐστὶν

116 615 161 698 ὥς
183 616 201 686 ὁ
225 624 287 686 ΓΒ
309 618 393 707 πρὸς
415 617 474 687 τὸν
493 626 572 703 ΒΛ,
596 617 704 697 οὕτως
725 617 763 686 τὸ
787 613 851 685 ἀπὸ
875 619 933 703 τῆς
956 621 1029 683 ΖΗ
1047 611 1128 702 πρὸς

79 724 152 802 ςτὸ
180 723 244 793 ἀπὸ
273 730 331 811 τῆς
359 731 400 793 K.
446 721 465 792 ὁ
493 723 531 792 δὲ
555 730 614 790 ΓΒ
642 721 725 812 πρὸς
750 721 810 792 τὸν
838 730 907 790 ΒΛ
933 721 1039 808 λόγον
1069 717 1129 789 οὐκ

113 836 190 918 ἔχει,
208 827 248 898 ὃν
262 829 470 917 τετράγωνος
483 828 629 916 ἀριθμὸς
642 831 725 919 πρὸς
737 828 949 918 τετράγωνον
964 826 1128 914 ἀριθμόν·

114 933 188 1004 οὐδ’
215 935 340 1023 ἄρατὸ
366 933 431 1003 ἀπὸ
455 939 513 1021 τῆς
537 942 608 1003 ΖΗ
631 939 715 1025 πρὸς
737 935 774 1004 τὸ
799 935 863 1003 ἀπὸ
886 937 945 1021 τῆς
969 941 1003 1002 K
1026 931 1128 1020 λόγον

113 1047 191 1128 ἔχει,
208 1039 247 1109 ὃν
262 1040 468 1129 τετράγωνος
482 1039 630 1130 ἀριθμὸς
643 1041 726 1131 πρὸς
739 1041 951 1130 τετράγωνον
965 1038 1129 1127 ἀριθμόν·

113 1145 321 1235 ἀσύμμετρος
340 1146 405 1236 ἄρα
423 1148 514 1216 ἐστὶν
533 1145 553 1234 ἡ
574 1155 645 1216 ΖΗ
659 1159 698 1236 τῇ
718 1155 753 1216 Κ
770 1147 874 1235 μήκει.
910 1146 966 1214 καὶ
986 1145 1128 1214 δύναται

61 1251 134 1339 1οὴ
159 1260 230 1320 ΖΗ
247 1258 307 1340 τῆς
329 1260 397 1321 ΗΘ
419 1259 531 1341 μεῖζον
554 1259 601 1344 τῷ
626 1252 692 1323 ἀπὸ
711 1259 768 1341 τῆς
785 1261 831 1322 Κ·
855 1250 875 1340 ἡ
896 1259 968 1320 ΖΗ
986 1251 1054 1340 ἄρα
1071 1255 1130 1336 τῆς

112 1366 180 1427 ΗΘ
202 1366 313 1445 μεῖζον
338 1361 477 1428 δύναται
500 1364 545 1451 τῷ
570 1358 636 1428 ἀπὸ
660 1358 875 1448 ἀσυμμέτρου
898 1359 999 1446 ἑαυτῇ
1024 1356 1129 1444 μήκει.

111 1465 167 1533 καὶ
191 1463 350 1554 οὐδετέρα
372 1471 441 1535 τῶν
464 1474 542 1553 ΖΗ,
567 1474 636 1534 ΗΘ
661 1466 849 1555 σύμμετρός
873 1469 941 1534 ἐστι
964 1469 1003 1553 τῇ
1030 1467 1129 1532 ἐκκει-

112 1571 195 1660 μένη
215 1573 297 1660 ῥητῇ
317 1576 413 1659 μήκει
432 1577 471 1661 τῇ
492 1583 531 1640 A.
564 1570 585 1659 ἡ
605 1571 671 1662 ἄρα
690 1581 751 1641 ΖΘ
769 1571 919 1659 ἀποτομή
937 1574 1029 1639 ἐστιν
1044 1571 1129 1656 ἕκτη.

178 1675 328 1767 Εὕρηται
356 1677 422 1767 ἄρα
448 1676 469 1764 ἡ
497 1680 572 1765 ἕκτη
603 1676 753 1766 ἀποτομὴ
783 1676 803 1765 ἡ
833 1685 907 1747 ΖΘ·
949 1675 1031 1763 ὅπερ
1060 1679 1129 1743 ἔδει

61 1808 93 1858 15
113 1784 225 1864 δείξαι.

590 1871 654 1942 (ὶαῖ

176 1993 264 2063 Ἐδιν
287 2002 434 2083 χωρίον
457 1996 686 2083 περιέχηται
705 1994 779 2064 ὑπὸ
804 1995 1011 2081 ρητῇςκαδ
1036 1993 1128 2062 ἄπο-

111 2105 231 2187 τομῆς
253 2100 422 2190 πρώτης,
447 2099 467 2188 ἡ
490 2099 533 2170 τὸ
557 2108 705 2187 χωρίον
726 2101 928 2188 δυναμένη
949 2097 1128 2187 ἀποτομή

112 2207 229 2272 ἐστιν.

59 2335 94 2383 2ο
180 2311 395 2397 Περιεχέσθω
414 2310 477 2398 γὰρ
495 2318 620 2399 χωρίον
639 2310 677 2380 τὸ
696 2321 761 2381 AB
781 2310 846 2381 ὑπὸ
866 2315 967 2398 ῥητῆς
983 2316 1044 2399 τῆς
1062 2317 1133 2380 ΑΓ

111 2416 167 2483 καὶ
194 2413 363 2504 ἀποτομῆς
390 2419 520 2506 πριότης
548 2423 606 2504 τῆς
629 2427 712 2486 ΑΛ·
749 2419 849 2506 λέγω,
880 2417 930 2486 ὅτι
953 2416 974 2503 ἡ
997 2416 1036 2486 τὸ
1059 2425 1128 2485 ΑΒ

110 2527 235 2610 χωρίον
259 2523 430 2611 δυναμένη
454 2520 605 2609 ἀποτομή
629 2526 727 2592 ἐστιν.

174 2626 263 2698 Ἐπεὶ
285 2630 350 2718 χδιρ
373 2626 524 2716 ἀποτομή
549 2633 617 2698 ἐστι
640 2629 753 2716 πριότη
777 2626 797 2715 ἡ
822 2638 853 2695 Α
859 2637 907 2714 Δ,
931 2633 1014 2697 ἔστω
1040 2627 1127 2718 αὐτῇ

109 2733 386 2822 προσαρμόζουσα
409 2734 429 2821 ἡ
454 2740 539 2801 ΔΗ·
577 2737 614 2800 αἱ
639 2741 725 2817 ΑΗ,
752 2740 822 2801 ΗΛ
850 2733 915 2822 ἄρα
937 2738 1039 2823 ῥηταί
1059 2741 1125 2804 είσι

56 2859 91 2910 25
111 2837 253 2924 δυνάμει
276 2838 382 2924 μόνον
406 2838 595 2926 σύμμετροι.
633 2840 688 2907 καὶ
712 2837 773 2928 ρ’λη
797 2837 817 2926 ἡ
841 2847 913 2907 ΑΗ
937 2839 1128 2928 σύμμετρός

111 2942 179 3008 ἐστι
201 2945 241 3029 τῇ
266 2944 435 3032 ἐκκειμένη
458 2945 541 3031 ῥητῇ
571 2949 610 3033 τῇ
635 2950 714 3030 ΑΓ,
742 2944 798 3013 καὶ
825 2943 846 3031 ἡ
869 2952 947 3012 ΑΗ
968 2950 1027 3033 τῆς
1049 2953 1125 3014 ΗΔ

110 3071 149 3132 με
152 3052 221 3127 ῑζον
249 3045 391 3115 δύναται
418 3047 509 3142 τῷ’
491 3049 556 3117 απὸ
582 3052 772 3137 συμμέτρου
795 3051 895 3139 ἕαυτη
919 3051 1028 3138 μήκει
1061 3052 1126 3120 ἐὰν

181 3212 206 3261 3
226 3200 296 3277 αρα]
315 3222 369 3261 om
388 3205 417 3263 F.
491 3213 515 3261 4.
536 3209 601 3280 ΓΒ]
621 3214 676 3263 ΒΓ
692 3209 751 3263 FB
824 3211 890 3280 ΒΔ]
911 3227 996 3280 supra
1014 3210 1078 3264 add.
1099 3216 1126 3266 Γ

109 3293 145 3330 m.
167 3277 235 3364 1b3
257 3281 310 3330 ΔΒ
331 3293 399 3332 corr.
418 3294 452 3333 ex
471 3283 525 3332 ΒΔ
543 3280 590 3333 uel
609 3279 713 3335 BPV.
788 3285 812 3334 ὅ
837 3281 898 3351 τῆς]
923 3301 1023 3369 τουφ
1097 3289 1120 3337 8.

110 3343 182 3417 ἔχει]
202 3366 254 3401 ουκ
274 3344 380 3417 έχειΡ.
454 3354 553 3404 10.τω
516 3351 655 3489 z'gcorr.
674 3369 708 3406 ex
725 3348 757 3405 τό
776 3370 811 3404 m.
834 3351 896 3406 1Ρ,
969 3347 1029 3424 η]
1020 3371 1051 3407 1n
1068 3368 1122 3408 ras.

108 3433 145 3474 m.
166 3416 230 3475 1Ρ,
305 3424 346 3473 11.
366 3419 524 3490 συμμέτρου
595 3438 663 3477 corr.
683 3441 719 3476 m.
739 3427 763 3474 2
831 3427 871 3476 13.
891 3423 924 3494 τῇ
945 3429 967 3477 Α
985 3420 1120 3494 μήκειἾ.

137 3493 180 3544 14.
202 3484 274 3563 ὅπερ
295 3487 356 3548 ἔδει
375 3489 483 3567 δεῖξαι]
503 3507 595 3564 comp
612 3491 646 3564 P
665 3510 719 3549 om.
734 3491 852 3546 mh
885 3478 952 3562 Sim„
969 3494 1121 3551 demonstr.
