2378 3832
104 166 169 232 234
489 169 689 222 ΣΤΟΙΧΕΙΩΝ
708 163 734 221 ί.

104 316 179 394 ΑΒ,
199 314 265 376 ΒΓ
284 309 396 396 ῥητόν,
418 306 610 396 ἀσύμμετρα
635 308 702 397 ὅρα
720 309 789 377 ἐστὶ
808 307 848 376 τὰ
867 307 931 377 ἀπὸ
951 311 1020 376 τῶν
1040 317 1073 376 Α
1080 316 1118 393 Β,

104 422 171 483 ΒΓ
188 426 234 508 τῷ
254 417 306 496 ὃλς
328 414 393 484 ὑπὸ
413 419 481 484 τῶν
503 424 575 502 ΑΒ,
595 422 666 483 ΒΓ·
693 417 748 483 καὶ
768 415 886 484 λοιπὸν
905 414 971 504 ὅρα
994 414 1033 483 τὸ
1053 411 1111 484 ἀντὶ

103 526 162 609 τής
188 529 258 591 ΑΓ
281 520 494 609 ἀσύμμετρόν
523 525 592 590 ἐστι
619 527 664 614 τῷ
689 524 741 602 δὶς
763 520 828 590 ὑπὸ
852 533 920 590 τῶν
943 529 1024 608 ΑΒ,
1049 528 1118 590 ΒΓ.

104 635 163 697 καί
184 631 251 697 ἐστι
274 632 312 699 τὸ
336 632 387 710 θὶς
409 628 475 698 ὑπὸ
494 634 561 697 τῶν
583 636 658 714 AB,
679 635 744 698 ΒΓ
764 628 882 716 ῥητόν·
907 626 945 696 τὸ
965 627 1032 717 ἄρα
1051 627 1117 696 ἀπὸ

70 742 162 824 στῆς
185 744 253 805 ΑΓ
273 737 398 823 ίίλογόν
422 739 525 805 ἐστιν·
555 735 676 823 ἄλογος
699 735 764 824 ἄρα
788 737 879 805 ἐστὶν
902 733 923 822 ή
947 741 1023 803 ΑΓ
1064 762 1118 802 να-

104 849 229 913 λείσθω
250 846 287 912 δὲ
305 841 325 931 ή
345 844 437 931 μετὰ
462 846 585 931 ῥητοῦ
608 846 729 930 μέσον
751 841 793 910 τὸ
819 840 915 911 ὅλον
937 846 1112 910 ποιοῦσα.

105 947 185 1038 ὅπερ
210 954 277 1017 ἔδει
302 952 415 1031 δεῖξαι.

580 1075 643 1160 σνς’.

168 1193 257 1264 ’Βὰν
280 1194 354 1265 ἀπὸ
378 1197 540 1279 εὐθείας
563 1197 703 1266 εὐθεῖα
726 1195 928 1286 ἀφαιρεθῇ
949 1195 1120 1281 δυνάμει

54 1325 87 1374 10
105 1299 353 1391 ἀσύμμετρος
386 1295 484 1371 οὖσα
515 1308 560 1393 τή
594 1302 678 1394 ὅλῃ,
715 1303 810 1391 μετὰ
843 1303 886 1370 δέ
921 1307 989 1388 τής
1027 1302 1123 1388 ὅλης

105 1421 276 1477 ποιοῦσα
303 1407 348 1477 τό
376 1436 414 1477 τε
443 1415 707 1497 συγκείμενον
734 1412 773 1476 έν
801 1413 877 1477 τῶν
899 1406 961 1475 ἀπ’
988 1406 1122 1475 αὐτῶν

105 1514 365 1603 τετραγώνων
393 1518 515 1603 μέσον
543 1515 585 1583 τό
609 1542 648 1584 τε
672 1517 732 1597 ἃλς
754 1514 817 1584 ὑπ’
844 1513 974 1584 αὐτῶν
998 1516 1122 1601 μέσον

106 1624 170 1689 καὶ
202 1627 260 1690 ἔτι
291 1619 336 1689 τὰ
370 1619 431 1688 ἄττ’
467 1620 597 1690 αὐτῶν
628 1620 858 1708 τετράγωνα
891 1618 1124 1708 ἀσύμμετρα

106 1733 156 1821 τῷ
185 1728 245 1808 θὶς
272 1725 333 1796 ὑπ’
361 1726 509 1814 αὐτῶν,
537 1726 558 1815 ή
582 1727 702 1816 λοιπή
731 1727 877 1814 ίίλογός
905 1730 1028 1796 ἐστιν·
1066 1755 1124 1796 να-

55 1858 88 1906 15
107 1840 232 1903 λείσθω
253 1836 290 1905 δὲ
308 1832 329 1922 ή
350 1837 444 1923 μετὰ
467 1837 588 1923 μέσον
611 1836 732 1922 μέσον
755 1835 796 1903 τὸ
823 1832 917 1903 ὅλον
940 1838 1123 1904 ποιοῦσα.

170 1939 248 2010 Ἀτὸ
281 1941 344 2030 γὰρ
377 1941 513 2021 εὐθείας
543 1946 602 2027 τής
632 1949 698 2009 ΑΒ
729 1940 847 2009 εὐθεῖα
874 1938 1067 2029 ἀφῃρήσθω
1097 1938 1118 2027 ή

107 2053 173 2114 ΒΓ
188 2048 330 2134 δυνάμει
343 2046 553 2138 ἀσύμμετρος
572 2039 657 2116 οὖσα
675 2059 715 2136 τῇ
735 2055 800 2116 ΑΒ
819 2051 964 2115 ποιοῦσα
982 2045 1023 2114 τὰ
1042 2070 1120 2134 προ-

107 2158 254 2238 κείμενα·
285 2153 381 2240 λέγω,
406 2152 495 2241 ὅτιή
516 2155 613 2243 λοιπή
637 2152 747 2242 ήΑΓ
766 2152 889 2240 ἄλογός
912 2155 1004 2221 ἐστιν
1027 2150 1120 2240 ἡκα-

50 2317 54 2322 ,
108 2259 253 2344 λονμένή
277 2257 297 2345 ή
322 2264 403 2347 μετὰ
427 2262 530 2348 μέσον
554 2263 656 2349 μέσον
679 2260 716 2330 τὸ
742 2258 823 2330 ὅλον
845 2265 999 2328 ποιοῦσα.

54 2388 88 2437 20
170 2361 350 2462 Ἐνκείσθω
373 2362 438 2454 γὰρ
461 2365 543 2453 ῥητή
568 2365 589 2454 ή
613 2376 687 2454 ΔΙ,
710 2367 765 2435 καλ
788 2380 858 2447 τοῖς
882 2365 944 2453 μὲν
967 2363 1034 2433 ἀπὸ
1054 2375 1123 2434 τῶν

107 2477 186 2558 ΑΒ,
210 2476 276 2537 ΒΓ
300 2479 375 2539 ἴσον
405 2469 494 2558 παρὰ
522 2470 584 2558 τήν
609 2480 669 2540 ΔΙ
695 2471 964 2561 παραβεβλήσθω
993 2470 1031 2540 τὸ
1056 2479 1128 2539 ΛΕ

107 2577 232 2660 πλάτος
253 2579 375 2646 ποιοῦν
398 2579 460 2663 τήν
479 2583 562 2663 ΔΗ,
585 2582 630 2669 τῷ
656 2578 693 2646 δὲ
717 2580 769 2658 ὃλς
790 2576 858 2647 ὑπὸ
878 2583 946 2649 τῶν
964 2587 1043 2666 ΑΒ,
1063 2584 1131 2646 ΒΓ

109 2693 185 2755 ἴσον
217 2684 407 2774 ἀφῃρήσθω
438 2684 476 2751 τὸ
512 2690 580 2751 ΔΘ
613 2683 752 2768 [πλάτος
784 2687 906 2753 ποιοῦν
938 2687 1000 2770 τὴν
1029 2692 1127 2771 ΔΖ].

108 2792 229 2860 λοιπὸν
252 2787 378 2878 ἄρατὸ
402 2796 468 2857 ΖΕ
488 2798 564 2859 ἴσον
586 2792 656 2859 ἐστὶ
683 2793 728 2882 τῷ
754 2788 819 2858 ἀπὸ
843 2795 902 2878 τής
923 2796 1002 2858 ΑΓ·
1040 2789 1127 2860 ὥστε

180 2938 205 2988 2.
225 2927 459 3001 ΒΓτετρολγωνα
476 2930 559 2989 BFb.
618 2936 674 2987 ΒΓ
707 2932 875 2988 Bm.2V.
935 2934 1001 3005 καί]
1022 2949 1077 2989 om.
1093 2933 1125 2990 P.

146 3009 172 3059 8.
189 3001 348 3074 σύμμετρον
366 3001 397 3056 Γ.
470 3008 495 3059 4.
515 3005 568 3059 καί
582 3033 617 3044 -
636 3005 679 3066 δίς
712 2999 799 3073 ῥητὸν
818 3002 850 3059 δέ
870 3000 902 3058 τό
921 3004 954 3059 V.
1025 3000 1125 3077 ῥητόν]

109 3088 165 3131 om.
183 3072 218 3128 V.
291 3078 316 3130 θ.
336 3069 368 3128 δὲ
386 3067 418 3163 ἡ]
438 3072 471 3130 δέ
489 3076 517 3131 b.
592 3081 615 3130 7.
635 3069 705 3144 ὅπερ
725 3074 786 3130 ἔδει
804 3076 911 3146 δεῖξαι]
936 3092 990 3131 om.
1010 3076 1126 3143 BFVb,

66 3216 69 3223 Ι
109 3140 249 3203 om.P.
322 3149 347 3200 8.
366 3147 406 3200 οθ
437 3145 468 3201 Β.
542 3151 584 3202 10.
603 3145 648 3217 δέ]
670 3162 724 3203 om.
744 3146 775 3200 Ρ.
850 3153 891 3202 11.
911 3145 1077 3271 redimas.
1092 3146 1127 3215 V,

66 3212 165 3293 J&
209 3213 265 3273 Pb.
336 3209 404 3290 ἄνι’]
423 3212 481 3273 ἀπὸ
501 3217 558 3271 τῶν
575 3216 609 3272 V.
683 3223 725 3272 12.
745 3217 789 3288 τε]
808 3215 838 3271 in
857 3235 910 3274 ras.
963 3215 1125 3285 ,θέΒΓλα

86 3294 135 3343 :²²⁸¹
145 3290 189 3345 1&
206 3286 259 3345 καλ
276 3284 331 3360 ὅτι]
351 3284 393 3343 ἔτι
409 3306 440 3343 τε
460 3289 558 3344 Theon
580 3286 714 3359 (BFVb).
790 3294 831 3343 14.
850 3283 881 3360 ἡ]
901 3287 972 3359 λέγω
991 3284 1035 3342 ὅτι
1054 3286 1072 3358 ἡ
1092 3290 1126 3344 V.

139 3352 206 3429 ,lm
223 3356 292 3428 BV,
309 3375 401 3429 oomp.
418 3358 474 3417 Fb.
548 3364 590 3413 15.
608 3353 639 3430 ή]
666 3374 720 3414 om.
739 3357 824 3416 FVb.
900 3366 940 3413 17.
960 3355 995 3413 τὰ
1014 3359 1127 3429 προκελ-

141 3430 144 3435 ’
180 3430 195 3507 ]
212 3426 246 3489 τὸ
263 3427 317 3503 pb
336 3429 520 3516 συγκείμενον
539 3424 641 3484 ἐντῶν
655 3424 713 3484 ἀπὸ
728 3430 784 3484 τῶν
798 3434 857 3497 ΑΒ,
872 3434 928 3484 ΒΓ
943 3426 1127 3499 τετραγώνων

186 3496 253 3575 ,νδ
270 3498 307 3561 δέ
324 3498 371 3568 ale
388 3497 446 3558 ὅντο
466 3500 666 3570 τῶνΑΒ,ΒΓ
685 3497 768 3570 μέσον
789 3498 831 3555 ἔτι
842 3520 873 3555 τε
888 3501 999 3569 (οωῑί,
1013 3502 1125 3570 ΜΓ)
