2378 3832
118 169 163 233 50
316 228 318 233 .
503 169 704 222 ΣΤΟΙΧΕΙΩΝ
723 165 750 224 ι’.

120 311 177 378 καὶ
202 316 284 377 ἔστω
308 308 345 378 τὸ
369 308 435 379 ὑπὸ
458 312 527 378 τῶν
551 318 628 394 BA,
649 315 725 396 AF,
749 310 936 398 σύμμετρος
959 310 997 378 δὲ
1016 309 1139 397 ἔστωή

118 424 187 484 BA
214 419 254 506 τῇ
283 422 353 484 ΛΓ
376 415 486 503 μήκει·
523 418 624 503 λέγω,
662 415 712 485 ὅτι
740 416 760 502 ἡ
788 422 856 484 ΒΓ
877 427 936 503 τῆς
963 429 996 484 A
1022 424 1139 505 μεῖζον

120 523 263 590 δύναται
286 527 331 615 τῷ
356 519 420 591 άπὸ
445 525 634 610 συμμέτρου
660 525 768 612 ἑαυτῇ.

192 627 374 716 Τετμήσθω
397 627 461 715 γάρ
485 627 505 714 ἡ
521 634 588 696 ΒΓ
602 632 679 717 δίχα
700 628 783 696 κατά
807 628 845 697 τὸ
862 638 893 697 Ε
908 643 1057 716 σημείου,
1076 630 1134 696 καί

83 741 244 802 ὗκείσθω
268 739 307 822 τῆ
328 742 397 802 ΔΕ
419 742 474 819 ίση
498 731 519 818 ἡ
544 741 614 801 ΕΖ.
646 737 745 820 λοιπὴ
769 732 834 822 άρα
857 732 878 820 ἡ
899 741 969 803 ΛΓ
989 745 1043 821 ίση
1063 737 1135 804 ἐστὶ

118 846 158 930 τῇ
189 849 260 910 ΒΖ.
305 841 361 908 καὶ
389 841 458 908 ἐπεὶ
487 838 602 907 εὐθεῖα
624 837 645 926 ἡ
665 847 732 909 ΒΓ
748 842 902 927 τέτμηται
927 846 973 921 είς
995 842 1056 928 μὲν
1076 850 1135 908 ίσα

118 948 201 1015 κατά
220 947 258 1016 τὸ
279 955 317 1033 B,
341 949 388 1025 είς
407 945 444 1014 δὲ
467 944 567 1013 άνισα
590 946 672 1014 κατά
695 946 733 1014 τὸ
754 956 798 1033 A,
821 948 859 1016 τὸ
883 945 948 1033 άρα
970 946 1035 1015 ὑπὸ
1055 955 1137 1035 BA,

119 1060 191 1122 AF
208 1053 447 1141 περιεχόμενον
470 1050 684 1138 ὀρθογώνιον
708 1053 788 1140 μετά
811 1058 873 1120 τοῦ
896 1051 961 1121 άπὸ
984 1059 1042 1140 τής
1063 1061 1136 1121 ΕΔ

117 1159 330 1248 τετραγώνου
364 1167 439 1226 ίσον
473 1159 541 1226 ἐστὶ
572 1170 618 1245 τῷ
650 1158 715 1227 άπὸ
746 1164 805 1247 τῆς
831 1166 898 1227 ΕΓ
921 1160 1134 1250 τετραγώνῳ·

65 1274 100 1322 10
117 1264 173 1332 καὶ
187 1263 227 1332 τά
241 1263 473 1352 τετραπλάσια·
499 1264 537 1332 τὸ
557 1263 623 1352 άρα
641 1265 789 1350 τετράκις
806 1264 872 1334 ὑπὸ
887 1270 955 1334 τῶν
974 1273 1055 1349 BA,
1070 1273 1140 1334 ΔΓ

118 1371 198 1458 μετά
216 1381 277 1438 τοῦ
294 1375 535 1458 τετραπλασίου
554 1376 615 1438 τοῦ
638 1368 703 1439 άπὸ
727 1376 785 1458 τής
802 1380 872 1439 ΔΕ
894 1381 970 1440 ίσον
993 1373 1060 1440 ἐστὶ
1084 1376 1133 1462 τῳ

116 1476 267 1564 τετράκις
285 1477 350 1545 άπὸ
375 1488 433 1564 τῆς
453 1483 521 1546 ΕΓ
537 1478 741 1570 τετραγώνῳ.
774 1475 858 1547 άλλά
877 1489 923 1568 τῷ
942 1479 1003 1565 μὲν
1022 1505 1134 1566 τετρα-

117 1589 245 1675 πλασίῳ
269 1588 331 1651 τοῦ
353 1581 418 1652 ὑπὸ
443 1587 510 1652 τῶν
534 1592 613 1670 BA,
638 1590 709 1652 ΔΓ
727 1593 803 1654 ίσον
830 1586 897 1654 ἐστὶ
920 1583 958 1652 τὸ
982 1585 1048 1653 άπὸ
1072 1589 1134 1671 τῆς

117 1701 150 1756 A
171 1689 397 1777 τετράγωνον,
423 1701 469 1782 τῳ
499 1690 537 1758 δὲ
560 1698 786 1783 τετραπλασίῳ
810 1696 871 1760 τοῦ
893 1689 959 1759 άπὸ
981 1703 1039 1777 τῆς
1062 1699 1136 1759 ΔΕ

63 1804 98 1854 15
118 1805 193 1865 ίσον
218 1797 287 1865 ἐστὶ
309 1795 347 1866 τὸ
371 1794 436 1865 άπὸ
456 1801 514 1884 τής
528 1805 595 1864 ΔΖ
613 1799 836 1885 τετράγωνον·
862 1803 1046 1864 διπλασίων
1065 1799 1132 1885 γάρ

116 1905 207 1971 ἐστιν
235 1901 257 1990 ή
286 1912 320 1970 A
327 1910 354 1968 Z
377 1908 437 1991 τῆς
461 1912 537 1971 ΔΕ.
579 1907 624 1996 τῳ
658 1903 695 1971 δὲ
721 1908 947 1991 τετραπλασίῳ
975 1907 1035 1968 τοῦ
1063 1902 1133 1970 άπὸ

116 2013 176 2095 της
196 2015 262 2076 ΕΓ
276 2016 352 2077 ἴσον
367 2011 434 2077 ἐστί
453 2008 490 2078 τό
515 2007 580 2077 άπὸ
605 2014 663 2094 τῆς
681 2014 746 2076 ΒΓ
760 2009 982 2091 τετράγωνον·
1013 2011 1130 2075 διπλα-

115 2120 199 2181 σίαν
217 2115 283 2200 γάρ
303 2117 371 2182 ἐστι
390 2114 492 2181 πάλιν
510 2112 530 2199 ἡ
550 2119 619 2181 ΒΓ
637 2117 693 2198 τής
711 2119 783 2180 ΓΕ.
820 2115 859 2178 τὰ
884 2111 949 2200 άρα
973 2111 1036 2182 άπὸ
1061 2119 1131 2182 τῶν

113 2229 157 2305 A,
174 2228 207 2286 A
213 2227 240 2286 Z
258 2219 450 2306 τετράγωνα
465 2229 521 2287 ίσα
536 2219 604 2287 ἐστὶ
619 2222 664 2309 τῳ
682 2215 747 2285 άπὸ
766 2222 825 2304 τής
839 2225 905 2286 ΒΓ
919 2218 1130 2311 τετραγώνῳ·

61 2349 96 2400 20
115 2323 200 2392 ὥστε
222 2324 260 2393 τὸ
284 2323 350 2394 άπὸ
374 2330 433 2414 τῆς
455 2331 525 2393 ΒΓ
541 2335 601 2391 τοῦ
632 2319 697 2390 άπό
723 2327 781 2410 τῆς
804 2333 836 2391 Α
859 2326 972 2411 μεῖζόν
996 2328 1130 2415 ἐστιτῷ

114 2428 180 2498 άπὸ
199 2435 256 2517 τῆς
270 2439 304 2497 A
310 2438 349 2496 Z·
373 2428 550 2517 ήΒΓάρα
572 2433 631 2515 τής
649 2438 681 2497 Α
699 2436 811 2517 μεῖζον
835 2430 979 2499 δύναται
996 2434 1036 2517 τη
1053 2439 1085 2496 A
1092 2438 1129 2497 Z.

114 2539 275 2622 δεικτέον,
295 2534 345 2606 ὅτι
364 2537 420 2604 καὶ
439 2535 626 2624 σύμμετρός
645 2538 736 2604 ἐστιν
754 2534 775 2623 ἡ
793 2542 859 2605 ΒΓ
879 2541 919 2627 τῇ
940 2547 972 2603 A
979 2544 1014 2602 Z.
1058 2537 1130 2603 ἐπεὶ

112 2642 178 2732 γάρ
200 2643 389 2731 σύμμετρός
412 2645 502 2711 ἐστιν
524 2639 545 2729 ή
570 2649 638 2709 BA
660 2653 700 2732 τῇ
724 2648 794 2710 ΛΓ
813 2644 919 2730 μήκει,
943 2644 1128 2729 σύμμετρος

112 2748 179 2836 άρα
209 2751 278 2817 ἐστὶ
305 2751 362 2817 καὶ
389 2747 410 2836 ἡ
438 2737 504 2817 ΒΓ
522 2753 561 2838 τή
586 2754 651 2816 ΓΔ
669 2751 775 2837 μήκει.
812 2748 896 2817 άλλά
920 2747 941 2834 ή
966 2754 1031 2815 ΓΔ
1054 2762 1127 2827 ταῖς

57 2879 94 2931 2⁸
112 2861 192 2942 ΓΔ,
215 2864 276 2924 ΒΖ
300 2858 368 2925 ἐστι
391 2854 577 2943 σύμμετρος
600 2858 706 2943 μήκει·
740 2865 795 2943 ίση
819 2860 881 2942 γάρ
908 2858 997 2924 ἐστιν
1020 2852 1041 2940 ή
1065 2860 1127 2921 ΓΔ

111 2966 152 3052 τῇ
175 2969 246 3030 ΒΖ.
283 2962 340 3030 καὶ
363 2959 383 3048 ἡ
404 2968 472 3030 ΒΓ
490 2961 554 3049 άρα
579 2962 765 3051 σύμμετρός
788 2965 857 3030 ἐστι
879 2976 950 3042 ταῖς
974 2969 1045 3045 ΒΖ,
1065 2967 1127 3029 ΓΔ

112 3068 222 3157 μήκει·
249 3065 334 3136 ὥστε
356 3068 411 3135 καὶ
430 3073 529 3157 λοιπή
552 3072 591 3158 τῇ
613 3076 680 3136 ZA
703 3067 888 3155 σύμμετρός
912 3070 1001 3137 ἐστιν
1025 3065 1045 3154 ή
1065 3072 1132 3134 ΒΓ

186 3306 210 3354 1.
231 3304 256 3354 A
264 3300 305 3371 Γ]
326 3299 396 3353 Pin
414 3315 469 3354 ras,
487 3299 517 3354 F.
590 3305 615 3354 3.
638 3299 708 3353 Post
727 3295 813 3369 ἕαντῇ
833 3298 897 3353 add.
917 3296 1000 3368 μήκει
1018 3297 1081 3364 Vb,
1104 3297 1126 3351 F

111 3388 150 3425 m.
169 3376 194 3426 λ.
269 3375 294 3426 5.
314 3369 392 3498 Ar}
408 3387 477 3426 corr.
497 3386 531 3424 ex
550 3373 605 3423 ΒΓ
620 3387 656 3423 m.
676 3386 729 3424 rec.
750 3370 775 3422 b.
833 3365 907 3423 ἐστίν
926 3368 956 3424 P.
1026 3374 1049 3424 ⁷.
1069 3365 1124 3422 ὑπὸ

110 3440 277 3500 τόκΒΝ.
333 3447 357 3498 9.
394 3441 453 3496 στίν
472 3438 501 3498 Ρ.
555 3445 594 3493 10.
615 3438 647 3493 τά
681 3439 806 3494 mv.
858 3436 903 3510 τά]
923 3440 958 3494 τά
978 3438 1007 3494 Β.
1059 3438 1126 3509 BA]

93 3508 202 3566 stem,
224 3512 344 3567 mIP.
422 3517 465 3568 11.
491 3506 621 3583 τετράκις
669 3508 912 3581 heonfflFVb).
981 3508 1053 3579 τοῦ]
1071 3527 1125 3564 om.
