2378 3832
98 165 164 229 212
485 163 688 218 ΣΤΟΙΧΕῙΩΝ
706 159 734 218 ι’.
824 206 832 219 ,

98 309 134 375 ἐκ
165 308 234 374 τών
267 302 323 374 ἀπ’
355 303 468 374 αὐτῶν
497 305 743 392 [τετραγώνων]
772 305 875 391 μέσον
906 302 1030 372 καὶτὸ
1060 302 1117 373 ὑπ’

99 410 212 480 αὐτῶν
240 415 344 499 μέσον
371 413 426 480 καὶ
451 417 498 480 ἔτι
527 411 741 500 ἀσύμμετρον
771 411 810 479 τὸ
838 414 1061 497 συγκείμενον
1086 412 1123 479 ἐκ

99 522 168 586 τών
191 515 257 587 άπὸ
281 520 349 587 τών
373 525 406 585 Α
413 525 450 604 Ε,
470 525 532 586 ΕΒ
552 516 772 604 τετραγώνων
795 520 840 610 τῷ
864 513 930 584 ὑπὸ
951 527 1022 585 τῶν
1043 524 1122 605 ΑΕ,

101 631 178 692 ΕΒ·
201 625 257 692 καὶ
271 623 528 693 κατεσκευάσθω
543 623 583 690 τὰ
603 621 687 692 αὐτὰ
705 637 777 704 τοῖς
794 621 968 710 πρότερον.
995 619 1123 710 ὁμοίως

66 755 81 805 5
103 729 144 818 δὴ
169 734 334 818 δείξομεν,
358 729 408 798 ὅτι
431 730 486 798 καὶ
510 732 547 797 αί
564 736 636 815 ΓΖ,
656 737 723 797 ΖΔ
742 729 885 816 δυνάμει
904 729 992 797 είσὶν
1014 727 1123 816 άσύμ.

101 864 215 925 μετροι
238 838 294 905 καὶ
318 836 509 922 σύμμετρον
531 834 568 904 τδ
592 837 653 922 μὲν
672 841 892 922 συγκείμενον
912 837 948 903 ἐκ
966 839 1034 904 τών
1051 834 1114 903 άπδ

100 949 168 1012 τών
196 952 229 1011 Α
236 952 280 1028 Ε,
305 950 367 1010 ΕΒ
395 945 440 1034 τῷ
471 943 675 1034 συγκειμένῳ
704 944 740 1010 ἐκ
767 952 835 1010 τών
866 940 931 1010 άπὸ
954 944 1019 1009 τῶν
1042 947 1114 1025 ΓΖ,

103 1057 179 1134 ΖΛ,
203 1052 240 1116 τὸ
265 1047 303 1115 δέ
329 1045 394 1115 ὑπὸ
418 1051 486 1116 τών
511 1055 589 1133 ΑΕ,
612 1055 675 1116 ΕΒ
698 1051 743 1140 τῷ
767 1045 834 1116 ὑπὸ
856 1057 925 1115 τών
949 1053 1019 1133 ΓΖ,
1038 1055 1117 1114 ΖΔ·

102 1152 187 1223 ώστε
213 1151 330 1221 καὶτὸ
355 1158 575 1240 συγκείμενον
604 1156 640 1222 έκ
667 1157 736 1222 τών
763 1151 829 1221 άπὸ
858 1157 927 1222 τών
954 1159 1031 1239 ΓΖ,
1055 1160 1122 1220 ΖΔ

51 1285 84 1334 10
102 1263 322 1348 τετραγώνων
341 1260 445 1346 μέσον
464 1260 532 1326 ἐστὶ
551 1260 606 1327 καὶ
626 1260 662 1327 τὸ
681 1257 747 1327 ὑπὸ
763 1269 832 1328 τών
846 1266 918 1346 ΓΖ,
933 1266 1001 1326 ΖΔ
1019 1260 1123 1346 μέσον

101 1367 158 1434 καὶ
186 1371 234 1432 έτι
263 1363 476 1452 ἀσύμμετρον
504 1363 542 1433 τὸ
566 1370 786 1452 συγκείμενον
812 1368 847 1432 ἐκ
870 1368 939 1434 τών
963 1362 1029 1433 άπὸ
1053 1369 1123 1434 τῶν

102 1478 174 1560 ΓΖ,
199 1480 266 1539 ΖΔ
288 1471 507 1559 τετραγώνων
530 1475 575 1563 τῷ
600 1469 666 1539 ὑπὸ
689 1475 756 1538 τῶν
780 1476 851 1557 ΓΖ,
876 1478 952 1541 ΖΔ.

168 1576 215 1646 Ἡ
233 1577 299 1667 άρα
322 1583 390 1645 ΓΔ
415 1578 478 1645 δώο
502 1578 586 1664 μέσα
611 1578 782 1664 δυναμένη
807 1579 909 1644 ἐστίν·
948 1575 1030 1666 ὅπερ
1055 1580 1122 1645 ἔδει

103 1687 216 1766 δείξαι.
627 1772 635 1797 Ι

52 1797 84 1848 15
581 1799 645 1840 θα.

174 1896 311 1986 Ῥητοῦ
343 1897 407 1964 καὶ
441 1897 563 1982 μέσου
599 1895 893 1981 συντιθεμένου
931 1894 1125 1983 τέσσαρες

105 2001 245 2091 άλογοι
273 2010 482 2091 γίγνονται
508 2001 596 2070 άτοι
626 2004 666 2069 έκ
697 2003 768 2069 δύο
793 1999 1001 2086 ὀνομάτων
1029 1997 1050 2086 ἢ
1082 2003 1124 2068 έκ

107 2108 178 2176 δύο
202 2111 331 2195 μέσων
354 2109 486 2198 πρώτη
509 2104 530 2194 ἢ
555 2113 698 2195 μείζων
721 2102 742 2192 ἢ
767 2104 889 2194 ῥητὸν
912 2107 977 2174 καὶ
1001 2108 1119 2192 μέσον

109 2216 320 2301 δυναμένη.

53 2344 88 2395 20
174 2317 282 2387 Ἔστω
307 2320 410 2406 ῥητὸν
435 2319 495 2406 μέν
519 2318 556 2387 τὸ
582 2326 658 2400 ΑΒ,
682 2319 785 2406 μέσον
810 2316 847 2385 δέ
869 2316 907 2386 τὸ
927 2323 1001 2386 ΓΔ’
1026 2318 1123 2402 λέγω,

106 2423 159 2495 ὅτι
182 2424 202 2512 ἡ
225 2424 263 2494 τὸ
283 2435 355 2493 ΑΔ
376 2432 502 2515 χωρίον
526 2427 696 2513 δυναμένη
715 2423 790 2512 ἤτοι
808 2428 844 2494 ἐκ
863 2427 925 2494 δύο
946 2423 1124 2511 ὀνομάτων

107 2533 198 2602 ἐστὶν
226 2528 247 2620 ἢ
276 2535 311 2601 έκ
340 2531 403 2601 δύο
431 2535 541 2620 μέσων
565 2531 679 2620 πρώτη
707 2527 727 2618 ἢ
753 2536 872 2618 μείζων
895 2526 916 2618 ἢ
941 2529 1045 2617 ῥητὸν
1068 2530 1124 2598 καὶ

108 2642 212 2728 μέσον
235 2642 417 2728 δυναμένη.

176 2744 221 2814 Τὸ
245 2744 308 2833 γάρ
333 2753 400 2814 ΑΒ
422 2751 484 2814 τοῦ
506 2752 569 2814 ΓΔ
591 2743 666 2833 ἤτοι
685 2743 798 2831 μεῖζόν
817 2747 907 2811 ἐστιν
925 2739 946 2829 ἢ
968 2747 1124 2810 έλασσον.

55 2873 90 2926 25
108 2856 192 2920 ἔστω
210 2851 375 2940 πρότερον
399 2859 523 2938 μεῖζον·
555 2852 611 2919 καὶ
635 2854 796 2919 ἐκκείσθω
821 2847 903 2937 ῥητὴ
922 2847 943 2935 ἡ
968 2855 1046 2935 ΕΖ,
1069 2848 1126 2915 καί

107 2956 378 3045 παραβεβλήσθω
410 2957 499 3046 παρὰ
531 2955 594 3044 τὴν
622 2964 684 3024 ΕΖ
711 2960 757 3048 τῷ
786 2952 853 3024 ΑΒ
881 2963 957 3023 ἴσον
989 2951 1028 3022 τὸ
1056 2960 1128 3021 ΕΗ

107 3062 232 3143 πλάτος
250 3066 372 3131 ποιοῦν
386 3062 449 3150 τὴν
463 3069 539 3130 ΕΘ·
562 3066 607 3154 τῷ
629 3061 667 3129 δέ
685 3067 756 3129 ΔΓ
774 3069 849 3130 ίσου
868 3058 957 3149 παρὰ
981 3057 1044 3147 τὴν
1063 3065 1126 3127 ΕΖ

6 3276 9 3281 .
109 3183 516 3293 -1.τετραγώυων]οτυ.Ρ.
571 3217 637 3292 ὑπ’]
651 3223 719 3281 mut,
731 3220 762 3273 in
775 3215 828 3274 ἄπ’
840 3220 943 3289 ΜΕ,
958 3214 1005 3274 ἀπ’
1016 3220 1045 3275 λ).
1100 3225 1125 3274 3.

108 3292 488 3366 ΑΕ](ρτίῑω)οοττ.διΑΒ
502 3292 614 3350 ΜΕ.
674 3298 699 3347 5.
721 3291 782 3361 ΓΖ]
801 3291 831 3345 in
849 3307 902 3346 ras.
921 3290 1034 3345 m.1P.
1100 3295 1124 3344 8.

107 3359 201 3490 ιὸιίγ
213 3357 385 3420 &amand
400 3361 430 3418 P.
486 3362 698 3433 amm.
756 3357 963 3498 ικιῷέιόν.
1020 3366 1063 3417 18.
1075 3364 1126 3414 ΓΛ

107 3429 128 3491 ἄ
265 3433 328 3508 ΓΔ]
344 3435 546 3507 Δροελεοὶυε.
561 3436 594 3490 V.
651 3429 846 3503 ὅτερέδειδεῑ
861 3433 904 3504 αι]
918 3447 981 3488 com
1002 3431 1050 3498 .P‚
1071 3448 1125 3486 om.

56 3502 125 3607 ΙΙΙΒ
160 3506 212 3566 Vb.
265 3503 549 3586 16.οβ’,βεταε.Ε.
601 3503 955 3576 Πηίηνοντοιιληίνουται
995 3502 1127 3570 Fvbet,
