2378 3832
107 192 151 259 86
492 195 694 248 ΣΤΟΙΧΕΙΩΝ
713 191 740 249 ι’.

107 353 184 403 σονι
207 339 268 403 τοῦ
290 333 356 404 άπὸ
379 339 477 404 BE.x
498 337 634 423 ἐδείχθη
663 339 715 422 δέ,
747 334 798 404 ὅτι
827 333 908 405 ούδέ
932 333 1052 428 [αύτῷ]
1076 339 1122 426 τῷ

107 437 173 509 άπὸ
197 448 270 510 ΒΕ.
300 438 363 510 ούκ
385 439 451 530 άρα
474 439 492 510 ὁ
519 443 554 510 ἐκ
577 446 645 511 τῶν
671 450 748 528 AB,
772 448 839 510 ΒΓ
863 440 944 528 μετά
971 446 1032 510 τοῦ
1060 441 1126 511 άπὸ

109 553 174 615 ΓΕ
200 547 407 634 τετράγωνός
441 549 531 616 ἐστιν
566 552 731 632 [δυνατοῦ
765 551 803 618 δέ
835 549 933 629 ὄντος
960 550 1015 616 καὶ
1043 548 1126 616 κατά

109 659 266 734 πλείονας
292 653 437 742 τρόπους
463 653 543 734 τοὺς
571 657 767 742 εἰρημένους
790 654 959 745 ιἰριθμούς
984 657 1126 723 ἐπιδεικ-

72 782 89 831 ο
107 760 214 847 νύειν,
232 757 468 850 ἀρκείσθωσαν
483 758 563 848 ἡμῖν
579 764 614 828 οί
627 763 807 850 εἰρημένοι,
827 765 885 830 ἵνα
903 760 948 849 μὴ
968 764 1129 848 μακροτέ-

108 893 169 956 ρας
183 865 286 955 ούσης
299 869 357 954 τῆς
370 872 593 955 πραγματείας
604 868 656 935 ἐπὶ
667 868 770 936 πλέον
780 865 885 954 αὐτὴν
901 870 1128 955 μηκύνωμεν].

108 973 190 1061 ὅπερ
213 976 282 1041 ἔδει
305 974 418 1054 δεῖξαι.

584 1061 649 1131 καθ’.

173 1183 322 1274 Εὑρεῖν
359 1186 432 1254 δύο
468 1183 589 1272 ῥητὰς
621 1183 791 1272 δυνάμει
823 1185 949 1273 μόνον
981 1188 1126 1273 συμμέ-

57 1313 91 1365 10
108 1318 242 1382 τρους,
267 1289 365 1361 ὥστε
387 1290 459 1379 τὴν
482 1298 645 1379 μείζονα
668 1297 735 1378 τῆς
753 1291 972 1375 ἐλάσσονος
990 1299 1126 1380 μεῖζον

108 1396 314 1466 δύνασθαι
337 1401 387 1491 τῷ
411 1395 486 1466 άπὸ
511 1400 737 1487 συμμέτρου
760 1399 878 1487 ἑαυτῇ
903 1399 1027 1485 μήκει.

170 1501 359 1573 Ἐκκείσθω
377 1503 441 1593 γάρ
460 1530 510 1584 τις
528 1501 611 1592 ῥητὴ
630 1501 651 1591 ἡ
672 1511 737 1572 AB
755 1505 810 1571 καὶ
834 1503 897 1572 δύο
920 1505 1125 1591 τετράγωνοι

108 1606 250 1700 ἀριθμοὶ
274 1615 310 1680 οί
329 1616 407 1698 ΓΔ,
430 1618 513 1696 ΔΕ,
545 1609 628 1680 ὥστε
650 1609 713 1698 τὴν
736 1609 906 1698 ὑπεροχὴν
929 1609 1041 1680 αὐτῶν
1062 1611 1125 1679 τὸν

108 1722 174 1785 ΓΕ
190 1718 235 1804 μὴ
260 1713 347 1786 εἶναι
369 1716 592 1805 τετράγωνον,
615 1718 671 1786 καὶ
693 1722 877 1806 γεγράφθω
902 1719 954 1786 ἐπὶ
976 1729 1035 1805 τῆς
1058 1724 1124 1786 AB

58 1843 92 1894 16
110 1819 309 1910 ἡμικύκλιον
332 1828 369 1892 τὸ
392 1831 509 1910 ΑΖΒ,
535 1824 592 1892 καί
619 1826 817 1911 πεποιήσθω
840 1821 886 1903 ὡς
909 1822 927 1892 ὁ
953 1831 1024 1893 ΔΓ
1042 1822 1126 1913 πρὸς

107 1926 167 1998 τδν
191 1935 269 2016 ΓΕ,
293 1927 400 2011 οὕτως
422 1927 459 1998 τὸ
484 1927 549 1998 άπδ
573 1934 631 2017 τῆς
654 1936 720 1996 BA
741 1930 953 2018 τετράγωνον
979 1930 1062 2018 πρὸς
1084 1930 1123 2000 τδ

107 2032 174 2104 άπὸ
198 2040 257 2123 τῆς
279 2046 311 2105 A
318 2045 345 2103 Z
367 2034 589 2125 τετράγωνον,
612 2037 668 2104 καὶ
691 2036 878 2126 ἐπεζεύχθω
901 2035 922 2125 ἡ
943 2045 1013 2107 ZB.

149 2138 239 2210 Ἐπεὶ
264 2134 356 2226 [οὖν]
381 2144 472 2210 ἐστιν
496 2138 541 2221 ὡς
562 2138 601 2210 τὸ
625 2138 690 2210 άπὸ
714 2146 774 2229 τῆς
796 2151 864 2211 BA
886 2143 969 2233 πρὸς
994 2143 1033 2212 τὸ
1057 2141 1124 2213 άπδ

107 2251 255 2336 τῆςΑΖ,
280 2245 386 2328 οὕτως
409 2245 427 2316 ὁ
452 2253 523 2315 ΔΓ
541 2245 624 2335 πρὸς
647 2247 708 2317 τὸν
731 2256 803 2335 ΓΕ,
826 2249 864 2318 τὸ
889 2246 954 2317 άπὸ
977 2254 1036 2336 τῆς
1060 2257 1127 2319 BA

54 2375 89 2428 κο
107 2351 174 2444 άρα
196 2351 282 2442 πρὸς
302 2352 340 2423 τὸ
364 2349 430 2422 άπὸ
453 2357 512 2440 τῆς
534 2360 600 2421 AZ
623 2355 726 2441 λόγον
754 2359 835 2443 ἔχει,
864 2353 906 2424 δν
934 2353 1080 2444 άριθμὸς
1104 2357 1122 2425 ὁ

108 2467 181 2529 ΔΓ
202 2458 286 2549 πρὸς
313 2456 551 2548 ἀριθμὸντὸν
574 2465 649 2528 ΓΕ·
682 2461 872 2551 σύμμετρον
900 2460 967 2550 άρα
995 2462 1064 2531 ἐστὶ
1087 2463 1125 2532 τὸ

107 2565 174 2636 άπὸ
197 2571 257 2655 τῆς
273 2572 341 2634 BA
362 2569 407 2657 τῷ
432 2563 497 2634 άπὸ
520 2569 579 2653 τῆς
596 2575 672 2635 AZ.
718 2565 821 2656 ῥητὸν
850 2567 887 2636 δέ
914 2567 952 2638 τὸ
981 2567 1047 2638 άπὸ
1068 2575 1127 2657 τῆς

107 2680 188 2743 AB·
225 2671 328 2762 ῥητὸν
354 2673 423 2761 άρα
449 2672 505 2741 καὶ
533 2669 571 2741 τὸ
595 2669 660 2743 άπὸ
684 2676 742 2760 τῆς
764 2682 842 2741 AZ·
875 2672 958 2762 ῥητὴ
981 2672 1048 2761 άρα
1070 2676 1127 2744 καὶ

107 2775 129 2867 ἡ
152 2786 228 2853 AZ.
273 2779 329 2846 καὶ
351 2779 427 2848 ἐπεὶ·
446 2776 465 2848 ὃ
485 2785 556 2847 ΔΓ
570 2777 653 2868 πρὸς
679 2778 740 2847 τὸν
759 2785 824 2848 ΓΕ
838 2779 944 2866 λόγον
967 2778 1030 2850 ούκ
1049 2787 1126 2869 ἔχει,

55 2908 90 2959 κο
108 2881 151 2956 δν
181 2885 390 2974 τετράγωνος
421 2884 567 2976 άριθμὸς
602 2885 687 2975 πρὸς
719 2884 930 2975 τετράγωνον
962 2886 1125 2977 ἀριθμόν,

182 3052 205 3101 1
229 3045 408 3101 τουΒΕλῙ
452 3042 559 3136 abab]
586 3045 690 3102 om..P
763 3047 989 3132 2.τῆς.ΒΕΡς
1020 3047 1126 3103 PEb.

108 3118 182 3174 Dein
205 3117 268 3172 add„
288 3115 399 3173 Theon·
427 3113 496 3173 οάδδ
517 3101 583 3186 (om.
602 3117 632 3186 b)
656 3116 764 3185 μείζονι
783 3111 871 3172 αύτοο
891 3118 1026 3201 (ΒΕἨι).
1101 3124 1126 3173 3.

110 3183 169 3246 ἐστι
188 3186 284 3256 PBV,
307 3204 398 3258 comp.
417 3186 472 3244 Fb.
553 3187 697 3312 δυνατοῦ]
721 3186 784 3241 τίει
802 3204 856 3242 τοι
876 3189 998 3278 plurium
1018 3188 1074 3245 litt.
1094 3190 1126 3244 B.

144 3264 170 3315 4
185 3280 217 3328 τρ
202 3255 378 3385 οπουςὲοιε
391 3260 418 3315 b
463 3278 497 3315 το
485 3255 608 3384 ’ἐείρημέ
610 3277 661 3312 νον
675 3259 775 3312 Ἰλιεοο
787 3258 924 3330 (BFVb).
971 3256 1126 3342 ἀριθμούς]

110 3347 166 3387 om.
180 3329 307 3401 Theon(
336 3331 432 3399 FVb).
496 3325 701 3415 ἐπιδεικνύειν]
721 3324 781 3383 ἐπι·
799 3346 884 3416 supra
903 3348 954 3386 scr.
973 3330 1032 3399 F,
1023 3349 1054 3385 1n
1071 3349 1127 3386 ras

109 3401 150 3471 Β·
175 3397 370 3458 ἐπιδεικνύναι
392 3401 427 3458 V.
509 3406 533 3456 5.
558 3394 740 3468 ἀρκείσθω
726 3406 794 3469 ημῖν
818 3395 833 3454 ὁ
859 3400 901 3469 είρ
922 3400 1006 3470 μένος
1029 3404 1128 3458 Theon

102 3472 242 3542 (BFVb).
313 3479 334 3529 7
355 3466 427 3541 ὅπερ
447 3469 507 3527 ἔδει
525 3471 632 3543 δεῖξαι]
651 3487 705 3527 om.
724 3469 820 3526 Theon
839 3422 973 3542 (Bbe).
1035 3479 1061 3531 9.
1081 3470 1128 3529 εδ·

82 3540 251 3609 &aava
330 3551 376 3600 11.
397 3543 453 3618 τω]
473 3560 546 3602 corr.
566 3561 603 3601 ex
621 3562 671 3599 του
690 3560 729 3598 m.
747 3542 817 3598 213.
883 3549 929 3597 λθ
944 3474 1130 3614 ύοῆτάρῑί
