2378 3832
111 152 155 217 98
497 154 698 208 ΣΤΟΙΧΕΙΩΝ
716 150 744 208 ι’.

180 292 249 363 Διὰ
271 299 313 363 τὰ
337 293 421 364 αὐτὰ
445 293 487 382 δὴ
510 296 566 363 καὶ
590 294 628 364 τὸ
652 292 718 363 ὑπο
741 300 810 364 τῶν
833 301 935 364 ΒΓΔ
958 303 1035 364 ἴσον
1059 297 1128 365 ἐστὶ

111 405 157 493 τῷ
181 399 246 470 άπὸ
269 407 328 489 τῆς
351 407 424 470 ΑΓ.

179 508 248 576 Καὶ
273 511 354 594 ἐκεί,
377 509 437 577 ἐαν
456 510 493 577 ἐν
512 506 713 599 ὀρθογωνίῳ
731 507 884 600 τριγώνῳ
903 505 969 577 άπὸ
991 512 1051 596 τῆς
1074 506 1129 596 ὀρ-

110 617 178 702 θῆς
204 620 329 701 γωνίας
352 616 404 684 ἐτιλ
426 617 489 701 τὴν
514 614 616 701 βάσιν
638 612 780 693 κάθετος
803 613 910 703 ἀχθῇ,
939 612 960 701 ἡ
984 612 1128 702 ἀχθεῖσα

75 747 92 798 5
110 732 178 791 τῶν
200 725 259 809 τῆς
280 721 410 808 βάσεως
427 720 607 808 τμημάτων
625 722 708 807 με’ση
727 719 897 806 άνάλογόν
916 723 1017 807 ἐστιν,
1037 727 1129 791 ἔστιν

110 826 177 918 άρα
200 825 246 910 ὡς
268 826 289 915 ἡ
312 834 381 895 BA
403 830 485 913 πρὸς
508 853 570 914 την
589 835 671 913 AA,
695 825 801 908 οὕτως
824 825 936 914 ἡΛΔ
957 829 1042 914 κρὸς
1064 831 1128 915 τὴν

111 940 195 1029 ΔΓ·
240 937 278 1002 τὸ
308 932 374 1022 άρα
401 930 466 1002 ὑπο
495 936 563 1001 τῶν
591 941 670 1019 BA,
694 938 764 1000 ΛΓ
788 942 864 1001 λ’σον
893 933 962 1002 ἐστὶ
989 938 1035 1026 τῷ
1060 932 1127 1003 άπὸ

109 1044 170 1127 τῆς
192 1048 266 1108 AA.

177 1148 287 1233 Λέγω,
311 1144 362 1215 ὅτι
383 1146 440 1214 καὶ
461 1151 499 1215 τὸ
522 1143 588 1216 ὑπο
608 1151 676 1216 τῶν
699 1152 773 1231 ΒΓ,
791 1154 864 1214 AA
887 1155 963 1215 ἴσον
986 1147 1056 1214 ἐστὶ
1079 1150 1126 1239 τῷ

58 1279 92 1330 10
109 1250 175 1322 ὑπὸ
193 1256 261 1322 τῶν
281 1260 366 1339 ΒΑ,
378 1259 450 1322 ΑΓ.
490 1253 559 1321 ἐπεὶ
577 1256 659 1341 γάρ,
687 1249 733 1332 ὡς
751 1257 891 1340 ἔφαμεν,
917 1251 1037 1340 ὅμοιόν
1056 1256 1127 1322 ἐστι

108 1362 148 1429 τὸ
177 1365 280 1428 ΑΒΓ
302 1363 348 1452 τῷ
376 1367 496 1446 ΑΒΔ,
525 1364 615 1427 ἔστιν
643 1357 709 1447 άρα
737 1355 782 1439 ὥς
810 1358 830 1445 ἡ
860 1365 928 1427 ΒΓ
950 1357 1034 1446 πρὸς
1063 1363 1127 1448 τὴν

110 1471 191 1550 ΓΛ,
225 1466 331 1546 οὕτως
357 1464 378 1553 ἡ
403 1473 469 1533 ΒΑ
495 1464 578 1553 πρὸς
604 1463 666 1552 τὴν
693 1473 767 1533 AA
801 1467 878 1551 [ἐὰν
906 1465 944 1533 δὲ
970 1467 1128 1555 τέσσαρες

111 1568 242 1642 εὐθεῖαι
266 1572 436 1660 άνάλογον
460 1564 554 1659 ὦσιν,
576 1577 614 1641 τὸ
638 1569 704 1641 ὑπὸ
727 1576 797 1641 τῶν
821 1569 936 1659 άκρων
959 1582 1034 1641 ἴσον
1056 1575 1127 1642 ἐστὶ

110 1683 156 1772 τῷ
179 1676 245 1747 ὑπὸ
271 1684 340 1748 τῶν
363 1679 498 1766 μέσων].
531 1676 568 1747 τὸ
595 1678 661 1766 άρα
682 1675 748 1747 ὑπὸ
771 1682 839 1746 τῶν
863 1684 935 1766 ΒΓ,
958 1687 1025 1746 AA
1049 1687 1126 1748 ἴσον

46 1769 93 1860 ἰε
113 1786 182 1854 ἐστὶ
207 1790 252 1877 τῷ
276 1783 342 1854 ὑπὸ
364 1790 434 1855 τῶν
456 1793 533 1872 ΒΑ,
557 1791 634 1854 ΑΓ·
681 1782 762 1873 ὅπερ
786 1788 854 1853 ἔδει
878 1787 991 1867 δεῖξαι.

587 1996 647 2083 λγ’.

176 2117 327 2210 Εὑρεῖν
358 2121 430 2189 δύο
461 2118 623 2201 εὐθείας
652 2121 822 2209 δυνάμει
850 2121 1127 2211 ἀσυμμέτρους

108 2225 306 2307 ποιούσας
323 2231 366 2295 τὸ
385 2227 459 2314 μὲν
478 2233 743 2314 συγκείμενον
761 2231 801 2297 ἐκ
819 2233 897 2298 τῶν
912 2225 972 2296 ἄττ’
993 2226 1126 2298 αὐτῶν

108 2332 372 2422 τετραγώνων
391 2332 529 2422 ῥητόν,
552 2337 594 2401 τὸ
618 2331 648 2400 δ’
673 2330 732 2401 ὑιι)
758 2332 889 2404 αὐτῶν
911 2335 1040 2422 μέσον.

56 2467 91 2518 20
174 2439 429 2510 Ἐκκείσθωσαν
453 2437 515 2508 ὃάο
539 2440 636 2526 ῥηταὶ
656 2439 797 2528 δυνάμει
816 2439 923 2528 μόνον
943 2441 1127 2529 σύμμετροι

110 2551 148 2617 αλ
163 2555 241 2634 AB,
260 2553 333 2632 ΒΓ,
357 2545 441 2615 ὥστε
463 2543 525 2631 τὴν
548 2551 682 2633 μείζονα
700 2545 763 2634 τὴν
780 2555 846 2615 ΑΒ
864 2549 924 2634 τῆς
943 2546 1128 2628 ἐλάσσονος

109 2657 169 2740 τῆς
190 2659 258 2722 ΒΓ
280 2659 391 2741 μεῖζον
420 2652 592 2720 δύνασθαι
618 2656 664 2745 τῷ
687 2650 751 2722 άπὸ
775 2652 989 2741 ἀσυμμέτρου
1012 2655 1127 2743 ἑαυτῇ,

108 2759 165 2828 καὶ
195 2758 371 2848 τετμήσθω
404 2756 424 2845 ἡ
458 2764 524 2826 ΒΓ
547 2761 624 2846 δίχα
651 2759 732 2827 κατὰ
760 2758 798 2828 τὸ
827 2767 874 2844 A,
906 2759 962 2827 καλ
988 2764 1035 2848 τῷ
1064 2757 1124 2847 ἀφ’

111 2862 272 2951 ὁποτέρας
298 2869 367 2934 τῶν
390 2873 470 2951 BA,
494 2870 565 2933 ΔΓ
587 2872 662 2933 ἴσον
685 2864 777 2953 παρὰ
804 2865 867 2952 τὴν
894 2873 960 2934 ΑΒ
983 2872 1127 2955 παραβε-

56 2997 92 3048 2⁶
111 2970 251 3059 βλήσθω
274 2970 621 3059 παραλληλόγραμμον
644 2975 796 3041 ἐλλεῖπον
817 2975 900 3040 εἴδει
917 2971 1127 3064 τετραγώνῳ,

109 3079 168 3148 καὶ
195 3083 278 3147 ἔστω
307 3077 346 3147 τὸ
373 3076 439 3148 ὑπὸ
467 3089 535 3148 ττόν
559 3086 675 3166 ΑΕΒ,
702 3078 758 3146 καλ
785 3078 968 3168 γεγράφθω
992 3079 1045 3147 ἐπὶ
1069 3084 1128 3166 τῆς

107 3223 322 3237 -υ--ι-

184 3298 208 3379 3.
232 3296 299 3361 ΒΓ,
319 3295 375 3346 ΓΔ
401 3272 438 3347 ἂι.
461 3309 515 3348 rec.
540 3291 574 3361 Ρ,
598 3291 722 3348 m.2V.
797 3286 860 3345 ἐστί
893 3308 947 3345 om.
966 3290 1021 3345 ΓΙ).
1100 3297 1125 3345 3.

105 3361 432 3504 αακιοαα
451 3379 545 3488 κει
560 3363 864 3503 κειται
905 3361 1019 3503 ια]
1042 3367 1127 3485 ια

86 3498 178 3570 ΕΓΒ,
201 3506 340 3576 otsupm
359 3523 413 3562 scr.
433 3510 458 3561 B
476 3505 605 3562 m.1V.
660 3509 704 3560 θλ.
725 3502 951 3576 ΓΑλΑἰοτοε.
969 3502 1003 3559 V.
1058 3503 1126 3575 ΑΔ]
