2378 3832
366 179 640 230 ELEMENTORUM
657 179 766 230 LIBER
783 180 817 232 X.
1032 176 1097 242 345

82 318 190 401 XHI].
222 321 234 384 i
251 344 332 406 aque
353 325 422 405 ΖΘ,
437 326 504 386 ZK
520 322 697 395 rationales
712 325 788 386 sunt
805 323 952 405 potentia
969 327 1111 388 tantum.

84 427 402 492 commensurabiles.
460 449 558 511 quare
599 431 668 492 ΚΘ
709 431 860 512 apotome
901 433 952 494 est
994 432 1097 514 [prop.

83 532 236 613 LXXIII]
243 584 251 615 ,
275 537 341 597 KZ
365 536 473 598 autem
497 535 527 598 ei
551 555 742 618 congruens.
788 535 853 598 iam
876 532 951 598 &Zl
974 537 1098 601 excedit

84 637 170 704 ZK²
194 640 354 724 quadrato
377 643 485 704 rectae
508 643 565 705 aut
583 640 884 706 commensurabilis
903 645 961 705 aut
978 642 1098 706 incom-

86 746 326 810 mensurabilis.
728 821 732 829 Ι

152 851 247 916 Prius
271 852 405 916 excedat
428 853 587 937 quadrato
616 849 926 920 commensurabilis.
973 859 1006 919 et
1027 857 1099 919 tota

85 962 149 1022 ΘΖ
176 957 328 1023 rationali
357 960 545 1042 propositae
569 964 642 1024 ZH
664 960 869 1046 longitudine
897 981 1099 1026 commeneu-

85 1063 201 1129 rabilis
221 1067 278 1128 est.
314 1086 414 1148 quare
431 1067 497 1129 ΚΘ
516 1068 666 1148 apotome
686 1069 736 1130 est
748 1065 854 1149 prima
868 1066 954 1147 [deff.
966 1069 1039 1131 tert.
1056 1067 1098 1146 1].

84 1174 176 1236 recta
208 1173 317 1235 autem
350 1171 457 1256 spatio
490 1171 721 1255 comprehenso
758 1176 848 1237 recta
880 1172 1034 1237 rationali
1066 1175 1100 1236 et

86 1280 238 1360 apotome
261 1276 368 1360 prima
391 1277 533 1361 aequalis
558 1277 717 1361 quadrata
740 1281 892 1363 apotome
916 1281 967 1343 est
994 1281 1099 1361 [prop.

85 1380 186 1464 Xon.
232 1404 309 1469 ergo
337 1385 428 1448 recta
456 1384 563 1465 spatio
586 1388 664 1468 ΛΘ,
691 1385 753 1450 hoc
777 1388 828 1450 est
850 1380 925 1466 ΕΓ,
953 1384 1098 1468 aequalis

55 1562 60 1571 ¹
87 1489 246 1574 quadrata
269 1493 422 1575 apotome
447 1494 503 1554 est.
1063 1554 1073 1573 ς

156 1596 205 1661 sin
229 1593 305 1661 ΘΖ2
327 1596 453 1661 excedit
476 1593 558 1660 ΖΙ(2
582 1596 741 1680 quadrato
762 1602 871 1662 rectae
895 1599 959 1664 sibi
981 1598 1099 1663 incom-

86 1703 331 1788 mensurabilis,
369 1705 402 1767 et
432 1705 504 1766 tota
534 1706 597 1767 ΖΘ
627 1703 780 1767 rationali
811 1703 999 1787 propositae
1033 1707 1104 1767 ZH

87 1809 295 1891 longitudine
328 1808 629 1874 commensurabilis
667 1811 729 1890 est,
765 1811 834 1873 ΚΘ
868 1811 1018 1891 apotome
1050 1812 1102 1873 est

88 1917 206 1998 quarta
225 1914 310 1994 [deff.
324 1917 398 1978 tert.
411 1915 456 1995 4].
493 1916 583 1978 reeta
604 1918 713 1978 autem
737 1914 843 1997 spatio
868 1897 1100 1998 comprehenso

87 2023 179 2084 recta
205 2019 358 2085 rationali
386 2024 419 2084 et
446 2023 597 2104 apotome
625 2021 741 2104 quarta
771 2020 915 2103 aequalis
944 2021 1100 2106 quadrata
1138 2106 1141 2110 Ι

88 2125 196 2190 minor
220 2130 270 2190 est
295 2127 397 2209 [prop.
419 2124 554 2209 XCIV];
578 2125 663 2210 quod
687 2129 758 2190 erat
780 2126 1073 2192 demonstrandum.

557 2298 639 2367 clx.

159 2424 272 2510 Spatio
295 2425 449 2492 rationali
474 2448 492 2490 a
516 2425 623 2488 medio
651 2426 762 2490 ablato
785 2425 867 2490 aliae
891 2424 972 2490 duae
994 2431 1101 2492 rectae

86 2532 298 2599 irrationales
327 2532 477 2598 oriuntur
505 2536 561 2595 aut
584 2531 708 2596 mediae
737 2535 888 2616 apotome
913 2532 1018 2617 prima
1045 2537 1102 2598 aut

87 2643 182 2706 recta
204 2661 276 2704 cum
298 2638 454 2704 rationali
476 2641 584 2701 totum
607 2637 749 2702 medium
772 2637 923 2702 efficiens.

158 2745 188 2809 A
214 2744 319 2809 medio
346 2744 433 2808 enim
456 2746 522 2808 ΒΓ
544 2744 704 2808 rationale
728 2743 893 2808 auferatur
912 2747 988 2808 BA.
1021 2744 1102 2831 dico,

89 2856 215 2917 rectam
239 2851 346 2934 spatio
369 2850 495 2934 reliquo
519 2852 586 2913 ΕΓ
605 2849 772 2934 aequalem
795 2849 987 2934 quadratam
1009 2851 1102 2916 alter-

90 2960 199 3022 utram
209 2959 370 3022 rectarum
384 2955 622 3020 irrationalium
638 2977 708 3020 esse
723 2959 780 3020 aut
794 2956 919 3021 mediae
929 2961 1102 3041 apotomen

89 3103 172 3151 ma.
236 3100 277 3152 14.
298 3094 426 3150 ΘΖΒΡ.
487 3100 529 3150 15.
549 3096 620 3166 ZH]
640 3112 709 3150 corr.
729 3111 763 3148 ex
782 3095 973 3151 ZemlF.
1033 3093 1103 3153 ἄπο-

89 3163 162 3236 τομὴ
182 3161 239 3235 ὅρα
256 3167 338 3222 Bab.
414 3173 455 3220 16.
474 3165 507 3221 δέ
526 3165 558 3220 Β.
638 3172 679 3219 ll.
698 3165 765 3220 Post
783 3163 859 3221 ἐστίν
876 3166 940 3222 add.
958 3163 977 3234 ἡ
996 3163 1053 3234 ἄρα
1070 3166 1103 3223 τὸ

92 3242 160 3309 (om.
176 3238 205 3308 b)
224 3240 288 3306 ΛΘ,
307 3235 432 3292 τουτέστι
446 3234 478 3291 τὸ
494 3240 557 3306 ΕΓ,
577 3236 721 3306 δυναμένη
737 3234 860 3291 ἐλάσσων
876 3233 951 3292 ἐστίν
969 3237 1028 3306 BF,
1047 3258 1103 3310 mg.

90 3327 129 3364 m.
152 3315 166 3362 1
185 3309 212 3363 b.
290 3303 360 3378 ὅπερ
380 3306 441 3362 ἔδει
459 3307 563 3379 δεῖξαι]
584 3324 672 3376 comp.
687 3307 722 3376 P,
741 3322 795 3362 om.
815 3307 898 3364 BFb.
975 3315 1017 3364 19.
1035 3309 1105 3365 Post

89 3376 150 3434 eiad
171 3379 236 3434 add.
255 3380 305 3434 τοῦ
325 3379 353 3447 b,
371 3396 408 3434 m.
428 3385 444 3432 2
463 3378 492 3433 1⁴¹.
558 3384 600 3433 20.
620 3381 766 3447 γίγνονται
783 3377 815 3432 Β.
880 3376 949 3447 μέση
968 3379 999 3436 Β.
1060 3386 1104 3436 22.

92 3447 165 3575 ἆπλό]
185 3467 255 3576 corp).
274 3467 309 3504 ex
330 3445 388 3504 ὑπό
408 3449 443 3506 V.
503 3445 560 3503 ἀπό
580 3449 810 3520 —BA1bisb
863 3455 911 3503 at.
928 3450 1115 3517 elabendo.

143 3541 219 3590 cyon
255 3561 261 3574 .
