2378 3832
120 139 185 201 412
533 141 722 192 APPENDIX.

121 279 288 366 ἀλλήλους
306 285 402 348 εἰσίν.
433 282 518 367 λέγω
537 285 682 366 πρῶτον,
702 277 754 346 ὅτι
773 275 845 346 ὁΗ
859 276 921 346 οὐκ
934 283 1005 345 ἔστι
1020 278 1136 364 μονάς.

121 390 152 453 εἰ
173 385 238 471 γὰρ
262 386 421 473 δυνατόν,
445 392 527 456 ἔστω
551 386 666 475 μονάς.
711 386 767 453 καὶ
790 387 864 452 ἐπεί
883 385 973 452 ἐστιν
998 382 1084 471 ὦςὴ
1105 394 1137 452 A

119 490 203 579 πρὸς
225 490 287 578 τὴν
310 501 354 579 Β,
384 490 491 573 οὕτως
520 491 537 560 ὁ
561 501 623 560 ΕΖ
650 491 734 579 πρὸς
760 491 820 561 τὸν
843 499 893 577 Η,
920 491 977 558 καὶ
1001 488 1047 571 ὡς
1070 491 1137 581 ἅροι

120 597 157 665 τὸ
182 598 246 666 ἀπὸ
270 603 329 686 τῆς
351 609 384 666 A
406 599 490 686 πρὸς
511 598 549 667 τὸ
574 596 639 667 ἆτιὸ
663 603 722 686 τῆς
743 606 788 685 Β,
813 596 918 679 οὕτως
941 596 959 666 ὁ
984 596 1050 666 ἀπὸ
1074 603 1136 667 τοῦ

86 729 102 776 5
122 711 185 772 ΕΖ
212 703 297 791 πρὸς
318 703 378 773 τὸν
400 703 467 774 ἀπὸ
495 709 557 774 τοῦ
580 713 622 774 Η.
665 704 843 773 διπλάσιον
867 704 905 772 δὲ
927 703 965 772 τὸ
989 702 1056 772 ἀπὸ
1079 708 1137 791 τῆς

121 819 153 877 A
174 813 236 878 τοῦ
259 808 325 878 ἀπὸ
347 816 406 897 τῆς
425 819 466 879 Β·
491 811 666 891 διπλάσιος
689 810 755 898 ἄρα
777 812 833 878 καὶ
857 809 875 879 ὃ
899 807 963 878 ἀπὸ
987 815 1049 878 τοῦ
1075 818 1137 878 ΕΖ

120 921 183 984 τοῦ
211 913 277 984 ἀπὸ
304 929 365 984 τοῦ
389 924 433 984 Η.
478 923 538 985 καί
561 919 630 985 ἐστι
657 916 764 1004 μονὰς
791 915 809 985 ὁ
834 925 881 985 Η·
920 914 1003 996 δυὰς
1026 914 1137 1004 ἄροιὸ

121 1020 186 1091 ἀπὸ
211 1029 275 1088 ΕΖ
296 1023 515 1110 τετράγωνος·
546 1022 628 1111 ὅπερ
652 1025 743 1092 ἐστὶν
766 1021 947 1091 ἀδύνατον.
984 1020 1048 1090 οὐκ
1071 1021 1139 1110 ἄρα

122 1128 228 1216 μονάς
257 1131 348 1197 ἐστιν
376 1127 395 1198 ὁ
419 1137 466 1197 Η·
502 1127 648 1218 ἆρνθμὸς
676 1129 750 1216 ἄρα.
795 1130 851 1198 καὶ
879 1132 952 1197 ἐπεί
972 1130 1066 1197 ἐστιν
1092 1126 1141 1208 ὥς

70 1260 103 1308 10
121 1234 159 1303 τὸ
184 1234 249 1303 ἀπὸ
272 1240 331 1322 τῆς
352 1245 385 1302 A
407 1236 491 1324 πρὸς
513 1235 550 1304 τὸ
574 1232 636 1304 ἀντὶ
649 1241 721 1323 -τῆς
744 1244 784 1321 Β,
811 1236 917 1314 οὕτως
940 1234 959 1303 ὁ
982 1233 1050 1303 ἀπὸ
1074 1242 1140 1303 ΕΖ

121 1339 204 1430 πρὸς
231 1341 291 1409 τὸν
319 1339 385 1410 ἀπὸ
412 1348 474 1410 τοῦ
497 1350 546 1428 Η,
578 1344 634 1411 καὶ
662 1341 829 1410 ἀνάπαλιν
858 1339 904 1421 οἱς
926 1339 964 1409 τὸ
988 1338 1057 1409 ἀπὸ
1080 1345 1143 1427 τῆς

122 1455 150 1515 Β
174 1447 258 1535 πρὸς
279 1446 317 1515 τὸ
341 1445 406 1515 ἀπὸ
429 1453 487 1534 τῆς
505 1459 548 1534 A,
573 1447 679 1528 οὕτως
702 1448 720 1517 ὃ
744 1446 810 1516 ιἰπὸ
832 1452 894 1515 τοῦ
912 1454 952 1514 Η
969 1443 1057 1534 πρὸς
1079 1447 1142 1516 τὸν

122 1551 189 1620 ιέπὸ
212 1557 273 1620 τοῦ
293 1561 365 1639 ΕΖ,
388 1568 502 1643 μετρεῖ
523 1553 560 1623 δὲ
582 1553 620 1623 τὸ
644 1553 709 1623 ἀπὸ
733 1558 792 1642 τῆς
814 1562 842 1622 Β
866 1551 903 1622 τὸ
927 1551 992 1621 ἀπὸ
1017 1558 1079 1638 τῆς
1099 1563 1142 1640 A,

122 1674 236 1748 μετρεῖ
255 1658 322 1747 ἄρα
344 1661 399 1729 κοιλ
425 1659 442 1728 ὁ
466 1659 532 1730 ἀπὸ
552 1665 613 1729 τοῦ
632 1669 671 1729 Η
688 1660 895 1749 τετράγωνος
913 1659 973 1727 τὸν
992 1657 1060 1728 ἀπὸ
1080 1663 1142 1727 τοῦ

71 1789 104 1837 15
123 1773 201 1832 EZ·
238 1763 322 1834 ὥστε
348 1768 404 1835 καὶ
432 1765 454 1853 ἡ
482 1767 608 1853 πλευρὰ
636 1765 719 1854 αὐτὴ
748 1765 766 1834 ὁ
789 1773 829 1833 Η
847 1764 907 1834 τὸν
931 1772 993 1832 ΕΖ
1018 1778 1142 1852 μετρεῖ.

123 1885 235 1961 μετρεῖ
267 1871 304 1940 δὲ
336 1873 391 1940 καλ
419 1872 541 1941 ἑαυτὸν
570 1872 587 1941 ὁ
612 1881 658 1941 Η·
701 1871 780 1940 ὁΗ
803 1871 869 1961 ἄρα
895 1870 975 1950 τοὺς
1002 1878 1086 1957 ΕΖ,
1109 1877 1148 1937 Η

123 1991 237 2067 μετρεῖ
266 1978 418 2067 πρώτους
452 1978 551 2060 ὄντας
586 1979 671 2066 πρὸς
707 1977 885 2065 ἀλλήλους·
932 1975 1014 2066 ὅπερ
1049 1977 1142 2045 ἐστὶν

124 2081 304 2153 ἀδύνατον.
335 2085 395 2153 οὐκ
414 2084 480 2173 ἄρα
499 2084 687 2175 σύμμετρός
710 2088 800 2153 ἐστιν
819 2083 839 2171 ἡ
860 2093 892 2151 A
914 2087 956 2171 τῇ
977 2090 1007 2150 Β
1031 2083 1142 2170 μήκει·

125 2188 333 2278 ἀσύμμετρος
355 2189 421 2280 ἄρα
444 2193 548 2260 ἐστίν·
579 2190 658 2281 ὅπερ
683 2196 751 2259 ἔδει
775 2192 888 2272 δεῖξαι.

601 2407 655 2473 28.

71 2531 105 2579 20
539 2508 723 2596 Σχόλιον.

191 2610 401 2701 Εὑρημὲνων
428 2612 470 2701 δὴ
499 2618 567 2683 τῶν
599 2614 695 2702 μήκει
727 2611 948 2702 ἀσυμμέτρων
982 2611 1141 2699 εὐθειῶν,

125 2716 169 2798 ὡς
186 2722 254 2786 τῶν
272 2729 315 2804 A,
334 2727 373 2799 Β,
398 2717 584 2809 εὑρίσκεται
606 2721 662 2788 καὶ
686 2719 772 2788 ἄλλοι
793 2727 930 2787 πλεῖστοι
952 2723 1084 2810 μεγέθη
1107 2725 1140 2790 ἐκ

126 2824 187 2891 δύο
204 2824 422 2912 διαστάσεων,
441 2827 525 2912 λέγω
541 2825 583 2914 δὴ
599 2827 748 2911 ἐπίπεδοι,
762 2823 957 2913 ἀσύμμετροι
971 2824 1138 2914 ἀλλήλοις.

125 2928 184 2998 ἐὰν
207 2929 272 3018 γὰρ
294 2935 363 2998 τῶν
380 2940 424 3016 A,
442 2939 471 2999 Β
495 2931 639 3001 εὐθειῶν
662 2935 767 3020 μέσην
791 2931 960 3021 ἀνάλογον
983 2933 1137 3022 λάβωμεν

71 3061 105 3109 25
125 3036 186 3122 τὴν
209 3042 248 3120 Γ,
272 3041 362 3104 ἔσται
386 3034 431 3117 ὡς
453 3035 474 3124 ἡ
498 3048 530 3105 A
552 3038 634 3126 πρὸς
655 3039 718 3126 τὴν
741 3046 781 3125 Β,
805 3037 911 3119 οὕτως
929 3037 966 3106 τὸ
991 3037 1060 3108 ἀπὸ
1085 3043 1137 3126 τῆς

197 3238 239 3287 28.
259 3230 333 3286 Post
352 3250 393 3287 nr
413 3237 446 3286 27
466 3231 605 3288 PBFVb

187 3421 212 3469 1
242 3409 301 3469 εἰσί
317 3409 412 3483 PVb,
436 3410 578 3500 eomp,F.
656 3403 705 3463 σοι’
706 3407 894 3493 ’ποοτονΒ
977 3415 1003 3466 3.
1023 3406 1091 3481 ὁ]ἡ
1109 3408 1136 3466 F.

143 3482 212 3562 τόν]
234 3485 290 3560 τήν
310 3486 368 3545 Fb.
448 3477 579 3558 4τὸλο
564 3482 632 3538 oF
704 3476 868 3550 mmm}
934 3431 1135 3546 τοὶλτὶχςΡλῙ
