2378 3832
119 176 182 241 ΜΗ
503 173 748 231 mmmm&

181 320 268 387 Ἐπεί.
289 318 353 408 γὰρ
377 323 412 389 ἐκ
432 319 495 388 δύο
515 316 690 405 ὀνομάτων
704 316 773 386 ἐστὶ
790 314 903 402 κράτη
920 312 1133 402 ’‘1:146ch-

117 426 234 513 ρήσθω
259 430 306 507 είς
328 426 368 495 τά
392 424 540 512 ὀνόματα
557 428 639 493 κατὰ
658 423 696 493 τὸ
710 430 754 508 Ε,
776 422 832 490 καὶ
850 426 934 490 ἔστω
953 418 993 489 τὸ
1016 427 1132 508 μεῖζον

117 532 225 621 ίίνυμα
252 531 290 601 τὸ
315 542 347 600 A
354 540 391 600 E.
433 530 584 618 φανερὸν
613 529 670 618 δή,
699 527 750 598 ὅτι
777 531 815 596 αἱ
834 535 916 615 ΛΕ,
938 534 1008 595 ΕΔ
1032 529 1136 615 ῥηταί

117 643 180 707 είσι
213 638 355 726 δυνάμει
388 639 496 725 μίνον
529 636 725 725 σύμμετροι,
758 636 814 703 καὶ
839 632 862 723 ἡ
888 641 958 702 ΛΕ
978 637 1041 721 τῆς
1063 640 1132 702 ΕΔ

82 754 228 833 υμεῑζον
253 746 394 815 δύναται
416 750 462 837 τῳ
486 742 551 812 άπὸ
578 744 768 831 συμμέτρου
794 743 910 830 ἑαυτῇ,
939 741 996 808 καὶ
1018 738 1041 827 ἡ
1065 748 1134 809 AE

118 852 303 941 σύμμετρός
328 855 395 921 ἐστι
418 862 457 940 τῇ
483 852 651 939 ἐκκειμένῃ
676 852 758 938 ῥητῇ
781 851 820 937 τῇ
839 856 905 917 AB
929 846 1039 935 μήκει.
1080 872 1126 915 τε·

117 961 255 1045 τμήσθω
280 955 362 1043 θηὴ
386 965 454 1025 ΕΔ
477 961 554 1043 δίχα
576 958 658 1023 κατὰ
680 956 719 1023 τὸ
742 962 769 1022 Ζ
792 967 939 1041 σημεῖον.
977 954 1036 1021 καὶ
1059 953 1127 1021 ἐπεὶ

117 1062 137 1150 ἡ
171 1072 235 1129 ΑΕ
262 1066 320 1149 τῆς
348 1071 415 1131 ΕΔ
443 1068 553 1149 μεῖζον
587 1061 729 1130 δύναται
760 1071 804 1153 τῷ
838 1055 903 1128 άπά
938 1061 1132 1148 συμμέτρου

119 1171 234 1257 ἑαυτῇ,
258 1168 317 1237 ἐὰν
341 1166 406 1254 άρα
429 1173 474 1260 τῳ
502 1168 646 1260 τετάρτῳ
669 1169 760 1256 μέρει
782 1172 843 1236 τοῦ
866 1164 932 1234 ἀπὸ
955 1171 1016 1253 τῆς
1038 1165 1132 1235 ἐλάσ-

69 1294 229 1359 ιυ,σουυς,
248 1276 396 1344 τουτέστι
415 1279 460 1361 τῷ
476 1273 540 1343 άπὸ
555 1279 613 1361 τῆς
628 1282 699 1360 ΕΖ,
715 1283 790 1342 ἴσον
808 1272 897 1359 παρὰ
915 1270 978 1360 τὴν
998 1279 1133 1360 μείζονα

117 1379 179 1467 τὴν
211 1390 239 1447 Α
245 1388 276 1447 Ε
305 1385 507 1469 παραβληθῇ
540 1383 692 1449 ἐλλεῖπον
724 1384 806 1449 εῖδει
835 1378 1054 1471 τετραγώνῳ,
1086 1382 1134 1459 εἰς

118 1486 288 1574 σύμμετρα
325 1486 431 1573 αὐτὴν
469 1490 599 1574 διαιρεῖ.
645 1485 911 1574 παραβεβλήσθω
945 1478 1013 1554 οὖν
1045 1482 1127 1571 παρά

117 1590 179 1679 τὴν
199 1602 230 1659 Α
239 1600 267 1659 Κ
283 1602 327 1683 τῷ
352 1590 417 1660 άπὸ
440 1597 497 1679 τῆς
517 1599 579 1659 ΕΖ
598 1601 674 1661 λ’σον
697 1592 734 1661 τὸ
758 1591 823 1662 ὑπὸ
842 1600 924 1677 ΑΗ,
943 1599 1029 1660 ΗΕ·
1052 1589 1131 1679 σάμ-

117 1726 235 1786 μετρυς
258 1700 322 1786 ίίρα
346 1698 436 1765 ἐστὶν
460 1695 480 1784 ἡ
505 1705 580 1765 ΑΗ
598 1724 638 1787 τη
659 1706 732 1766 ΕΗ
749 1698 853 1786 μήκει.
888 1700 944 1766 καὶ
966 1698 1133 1787 ἤχθωσαν

69 1828 98 1873 ιο
117 1804 182 1873 άπὸ
207 1810 274 1873 τῶν
298 1812 343 1881 Η,
368 1812 406 1881 Ε,
431 1812 458 1871 Ζ
482 1802 625 1894 ὁποτέρᾳ
647 1808 714 1872 τῶν
733 1813 808 1890 ΑΒ,
832 1811 901 1872 ΓΔ
923 1804 1131 1893 παράλληλοι

117 1915 155 1977 αί
177 1918 253 1995 ΗΘ,
277 1920 356 1998 ΕΚ,
380 1919 455 1979 ΖΛ·
479 1911 601 2002 καὶτῷ
625 1909 686 1996 μὲν
710 1919 774 1978 ΑΘ
797 1911 1133 2005 παραλληλογράμμῳ

118 2025 193 2084 ίσον
216 2018 426 2105 τετράγωνον
450 2018 639 2085 συνεστάτω
662 2016 700 2085 τό
723 2025 804 2103 ΣΝ,
828 2021 873 2108 τῷ
898 2018 936 2085 δὲ
957 2025 1036 2087 HK
1055 2026 1132 2087 ίσον

117 2119 154 2189 τὸ
179 2130 209 2187 N
215 2131 248 2189 11
255 2174 264 2205 ,
292 2124 347 2191 καὶ
369 2128 494 2191 κείσθω
518 2121 602 2190 ὥστε
625 2120 670 2190 ἐπ’
697 2121 832 2202 εὐθείας
856 2120 1031 2211 εἶναιτὴν
1052 2131 1135 2194 ΜΝ

117 2230 156 2314 τῇ
181 2230 260 2303 NE·
285 2226 330 2296 ἐπ’
357 2227 491 2309 εὐθείας
514 2228 581 2317 άρα
604 2229 672 2297 ἐστὶ
695 2231 748 2298 καὶ
768 2228 788 2316 ἡ
808 2237 877 2298 ΡΝ
898 2235 937 2318 τῇ
961 2237 1040 2315 NQ.
1077 2231 1133 2300 καὶ

65 2356 99 2405 20
119 2332 417 2420 συμπεπληρώσθω
446 2334 484 2402 τὸ
514 2342 548 2402 Σ
555 2342 593 2401 Π
617 2333 975 2423 παραλληλόγραμμον·
1019 2338 1133 2424 τετρά-

118 2464 231 2525 γωνον
254 2436 319 2525 άρα
343 2440 411 2506 ἐστὶ
433 2438 471 2506 τὸ
496 2448 574 2508 ΣΠ.
611 2441 667 2507 καὶ
695 2440 765 2508 ἐπεὶ
792 2440 829 2509 τὸ
858 2440 923 2509 ὑπὸ
951 2452 1020 2510 τῶν
1043 2451 1133 2529 ΑΗ,

119 2552 189 2611 ΗΕ
211 2554 286 2613 ίσον
310 2545 378 2612 ἐστί
401 2548 446 2633 τῷ
470 2541 537 2613 άπὸ
559 2549 617 2633 τῆς
640 2553 717 2631 ΕΖ,
743 2552 834 2615 ἔστιν
857 2546 922 2635 άροι
946 2548 1035 2636 ὡςὴ
1062 2558 1136 2620 ΛΗ

118 2650 202 2739 πρὸς
225 2658 298 2736 ΕΖ,
318 2648 462 2738 οὕτωςὴ
483 2659 548 2719 ΖΕ
568 2652 650 2739 πρὸς
668 2660 748 2720 EH·
771 2655 826 2720 καὶ
850 2652 895 2734 ὡς
917 2655 983 2740 άροι
1006 2655 1044 2724 τὸ
1066 2664 1135 2725 ΑΘ

118 2754 201 2841 πρὸς
219 2764 295 2841 ΕΛ,
317 2755 355 2824 τὸ
374 2764 440 2823 ΕΛ
458 2755 542 2845 πρὸς
560 2765 643 2825 ΚΗ·
667 2763 734 2827 τῶν
753 2767 829 2845 ΑΘ,
848 2767 922 2827 ΗΚ
942 2758 1009 2848 άρα
1028 2762 1134 2848 μέσον

65 2884 99 2932 ‘25
119 2858 289 2946 ἀνάλογόν
317 2864 385 2929 ἐστι
412 2862 450 2931 τὸ
477 2871 553 2932 ΕΛ.
600 2862 684 2932 ἀλλὰ
711 2865 748 2933 τὸ
777 2866 838 2952 μὲν
865 2875 897 2933 Α
905 2874 933 2935 Θ
956 2874 1033 2935 ίσον
1062 2869 1132 2936 ἐστὶ

191 3091 592 3162 EEMmmmmAE
666 3094 1031 3166 ΕΜΜΜΜΜΕ
1106 3104 1132 3154 λ

120 3158 190 3215 εἰσιν
208 3159 239 3216 P.
312 3159 485 3232 άοάμμετροι
504 3164 538 3232 Ε,
562 3165 611 3218 sed
629 3181 698 3219 corr.
777 3171 801 3221 5.
825 3161 1004 3237 ἀσυμμέτρου
1022 3167 1055 3238 b,
1082 3170 1131 3225 sed

120 3229 627 3303 ωωωΕωωωάάωλ
691 3236 1041 3306 mflmE.EAR
1108 3246 1131 3297 λ

119 3298 168 3373 δή]
188 3300 220 3357 δέ
239 3303 272 3358 V.
345 3309 369 3359 8.
388 3299 567 3374 ἀσυμμέτρου
586 3305 613 3370 b,
636 3306 685 3360 sed
704 3324 772 3362 corr.
846 3314 870 3364 9.
889 3306 1025 3382 τετάρτῳ]
1045 3312 1086 3363 A*
1105 3313 1130 3366 b.

154 3372 218 3443 τοῦ]
237 3374 288 3427 τῶι
305 3372 337 3427 Β.
410 3375 469 3445 τῆς]
491 3393 505 3429 e
525 3392 593 3429 corr.
613 3376 647 3432 V.
722 3384 762 3432 12.
783 3375 940 3449 σύμμετρον
959 3381 989 3435 Ρ.
1052 3380 1131 3450 δείλη

118 3440 1036 3520 thmwmmffifflffssmffRDmmdfflmw
1089 3458 1128 3507 w

63 3506 170 3600 ἰδιά
189 3516 246 3570 τῶν
261 3514 324 3572 EV.
401 3515 479 3590 ΗΕ]
501 3519 558 3574 ΗΘ
577 3517 610 3574 P.
682 3525 726 3573 14.
747 3519 821 3589 ΑΗΚ
840 3524 1041 3576 mmmm.
1063 3527 1076 3575 1
1097 3521 1131 3577 V.
