2378 3832
115 154 180 220 352
499 157 701 211 ΣΤΟΙΧΕΙΩΝ
721 153 748 212 ι’.

116 296 291 384 ὀνομάτων
314 297 428 386 πρώτῃ
448 298 539 366 ἐστὶν
557 296 578 386 ή
598 306 632 365 Δ
638 306 674 366 Ε.
720 297 894 386 διῃρήσθω
918 300 966 376 εἰς
987 295 1029 364 τὰ
1054 293 1125 365 ὀνό-

115 430 202 492 ματα
223 403 368 474 κατὰτὸ
392 412 441 493 Η,
463 405 519 472 καὶ
542 410 625 473 ἔστω
649 410 761 492 μεῖζον
784 401 952 490 ὄνοματὸ
977 410 1063 471 ΔΗ·
1096 406 1129 471 αἱ

117 517 203 598 ΔΗ,
227 518 298 579 ΗΕ
324 511 389 600 ἄρα
416 513 518 599 ῥηταί
542 515 607 579 εἰσι
635 510 777 598 δυνάμει
804 509 914 597 μόνον
936 511 1127 598 σύμμετροι,

115 616 171 684 καὶ
194 614 215 704 ή
235 627 268 684 Δ
274 624 313 685 Η
330 620 390 705 τής
407 624 480 685 ΗΕ
500 623 612 704 μεῖξον
632 616 772 686 δύναται
790 621 835 709 τῷ
856 613 921 686 άπὸ
939 618 1128 704 συμμέτρου

82 723 229 813 οὲοιντή,
252 724 308 792 καὶ
329 721 368 792 τὸ
391 729 502 809 μεῖζον
525 720 546 809 ή
571 730 648 791 ΔΗ
667 722 853 810 σύμμετρός
876 724 945 791 ἐστι
966 726 1007 812 τῃ
1032 725 1129 792 ἐκκει-

117 831 199 919 μένῃ
219 832 302 918 ῥητή
326 827 422 917 μήκει
443 839 484 918 τῃ”
505 835 579 898 ΔΓ.
615 828 671 897 κοιὶ
693 825 714 916 ἡ
734 837 800 898 ΔΖ
819 828 885 916 ἄρα
902 833 942 917 τῇ
959 836 1034 896 ΔΗ
1052 828 1131 915 σάμ-

118 935 236 1024 μετμός
265 937 334 1004 ἐστι
362 934 472 1023 μήκει·
508 936 564 1003 καὶ
593 935 692 1022 λοιπή
721 933 787 1024 άροι
809 933 830 1023 ή
854 942 922 1002 ΗΖ
945 935 1132 1022 σύμμετρός

118 1044 188 1111 ἐστι
210 1046 250 1129 τή
275 1050 341 1109 ΔΖ
364 1041 469 1129 μήκει.
503 1043 585 1125 [ἐπεὶ
610 1035 674 1111 οὖν
697 1042 885 1130 σύμμετρός
907 1045 999 1110 ἐστιν
1021 1040 1043 1129 ή
1066 1051 1100 1110 Δ
1107 1049 1132 1109 Ζ

118 1152 157 1236 τῃ
181 1155 266 1235 ΗΖ,
294 1149 376 1236 ῥητή
404 1150 444 1217 δέ
469 1150 560 1217 ἐστιν
583 1146 604 1236 ἡ
629 1156 705 1237 ΔΖ,
744 1149 826 1236 ῥῃτή
850 1146 917 1234 ἄρα
940 1148 1008 1216 ἐστὶ
1032 1150 1088 1216 καὶ
1111 1145 1132 1235 ή

68 1279 101 1327 10
119 1261 197 1322 ΗΖ.
238 1253 307 1323 ἐπεὶ
331 1247 394 1324 οὖν
417 1253 604 1341 σύμμετρός
627 1256 717 1322 ἐστιν
738 1251 759 1342 ή
779 1263 846 1322 ΔΖ
868 1260 908 1344 τή
931 1262 998 1323 ΗΖ
1022 1255 1132 1343 μήκει]

119 1356 329 1450 ἀσύμμετρος
351 1360 389 1428 δὲ
412 1357 433 1448 ή
453 1368 519 1427 ΔΖ
541 1364 581 1448 τή
605 1368 667 1427 ΕΖ
690 1359 798 1448 μήκει·
835 1358 1046 1449 ἀσύμμετρος
1067 1360 1133 1450 άροι

65 1515 73 1531 .
122 1467 191 1533 ἐστὶ
222 1468 276 1534 καὶ
309 1464 330 1554 ή
363 1474 432 1535 ΖΗ
462 1470 502 1556 τῇ
535 1474 598 1534 ΕΖ
630 1466 735 1554 μήκει.
795 1471 832 1535 αἱ
861 1475 944 1553 ΗΖ,
972 1475 1038 1535 ΖΕ
1068 1467 1135 1556 ἅμα

120 1572 221 1659 ῥῃτοιί
243 1576 336 1656 [εἰσι]
362 1572 504 1659 δυνάμει
527 1570 634 1661 μόνον
656 1572 850 1661 σύμμετροι·
887 1572 1039 1661 ἀποτομή
1069 1573 1135 1661 άροι

121 1677 212 1744 ἐστὶν
240 1705 261 1765 ῃ
288 1685 367 1747 ΕΗ.
412 1677 575 1746 ἀλλὰκαὶ
603 1679 699 1766 ρῃτή·
733 1678 814 1769 ὅπερ
838 1680 928 1747 ἐστὶν
952 1678 1135 1751 άδύνοιτον.

69 1807 102 1856 15
182 1781 224 1851 Ἡ
246 1781 312 1872 άρα
335 1783 481 1870 άκοτομδ
511 1783 572 1853 οὐκ
596 1782 729 1872 ἔστινή
755 1784 838 1873 αὐτή
861 1797 902 1875 τῇ
921 1789 957 1855 ἐκ
976 1787 1041 1857 δύο
1062 1786 1136 1858 ὀνο-

120 1890 247 1977 μάτων·
276 1890 357 1978 &nso
382 1896 449 1959 ἔδει
473 1894 586 1973 δεῖξαι.

512 2102 742 2191 [Πόρισμω].

191 2225 237 2293 Ἡ
259 2225 438 2314 ἀποτομή
466 2228 533 2294 καὶ
561 2230 603 2293 αἱ
629 2225 708 2314 μετ’
733 2226 855 2316 αὐτὴν
879 2229 1021 2315 ἄλογοι
1045 2227 1137 2297 οὔτε

122 2336 166 2420 τῃ
190 2333 286 2420 με’σῃ
311 2331 401 2401 οὔτε
424 2331 616 2420 ἀλλήλαις
639 2334 743 2402 εἰσὶν
766 2336 808 2400 οἱ
829 2330 953 2401 αὐταί.

70 2464 105 2512 20
194 2440 238 2508 Τὸ
266 2439 327 2527 μὲν
354 2439 418 2527 γὰρ
445 2438 511 2508 άπὸ
539 2442 641 2527 με’σῃς
666 2438 756 2525 παρὰ
790 2437 895 2527 ῥητήν
924 2440 1139 2528 παραβαλλό-

122 2571 225 2632 μενον
247 2545 489 2625 πλάτοςκοιεῖ
514 2543 619 2632 ῥητήν
647 2546 702 2612 καὶ
730 2543 943 2635 ἀσύμμετρον
969 2550 1026 2635 τῃ,
1056 2549 1136 2634 παρ’

123 2649 167 2739 ἣν
185 2653 389 2739 παράκειται,
408 2650 517 2739 μήκει,
535 2650 574 2719 τὸ
594 2649 717 2720 δὲ’άιιὸ
736 2649 903 2738 ἀποτομῆς
920 2651 1011 2740 παρὰ
1030 2650 1140 2741 ῥητήν

196 2870 219 2917 1.
240 2859 386 2933 ὀνομάτων
402 2860 458 2932 ἄρα
476 2862 531 2917 Bb.
606 2859 665 2918 ἐστὶ
682 2859 778 2934 κράτη
797 2864 852 2932 F?,
870 2862 966 2933 κράτη
985 2882 1139 2934 suprascr.

125 2952 162 2988 m.
182 2941 198 2988 2
218 2934 251 2988 V.
324 2934 477 3021 διῃρημένη
496 2935 524 3003 b,
543 2952 598 3004 mg.
618 2952 655 2987 m,
675 2940 704 2987 1:
728 2954 769 3003 γρ.
789 2932 944 3005 διῃρήσθω.
1017 2942 1043 2992 4.
1066 2937 1138 3007 ΗΕ]

125 3008 186 3059 ΕΗ
202 3005 232 3058 F.
304 3005 358 3075 τῷ]
383 3024 414 3058 ιο
436 3026 465 3074 φ.
540 3000 614 3070 5.τό
635 3006 747 3076 μεῖζον]
768 3004 802 3071 Ρ,
826 3003 1137 3076 etV‚suprascr.oe‘1;

125 3093 178 3130 om.
198 3076 228 3142 b,
252 3070 269 3142 ἡ
294 3079 396 3144 μείζων
418 3076 455 3143 Β;
483 3092 538 3131 om.
557 3096 592 3144 φ,
617 3076 666 3130 sed
689 3080 755 3146 post
777 3080 840 3129 ΔΗ
856 3076 959 3131 lacuna
981 3079 1025 3131 est
1045 3084 1061 3132 6
1081 3077 1136 3133 litt.

160 3152 185 3202 ἵ.
205 3145 278 3199 Ante
297 3143 380 3215 μήκει
399 3146 453 3204 del.
473 3147 506 3218 τῇ
527 3142 677 3219 ἐκκειμένῃ
697 3143 765 3218 ῥητή
786 3144 871 3216 μήκει
889 3149 922 3219 τῇ
944 3152 1002 3202 ΔΓ
1017 3166 1056 3203 m.
1077 3155 1092 3202 1
1111 3148 1137 3203 b.

159 3212 476 3286 λοιπήάροιτήΒΡν.
546 3220 601 3271 ΗΖ
633 3218 867 3286 inras.m.1b;
888 3219 986 3287 ZHF,
1006 3236 1065 3288 seq.
1084 3235 1137 3272 rae.

127 3286 216 3341 1litt.
270 3291 295 3340 8.
315 3284 374 3342 ἐστι
391 3287 437 3358 τῇ]
458 3283 568 3356 ἐστινὴ
616 3289 664 3342 Vb
684 3290 713 3343 et
731 3305 816 3357 supra
834 3306 884 3344 scr.
903 3285 920 3359 ἡ
940 3309 971 3358 φ.
1027 3285 1139 3345 ἐπεί-

127 3365 168 3413 10.
189 3362 243 3412 ΗΖ
257 3357 378 3486 (μείοιῃ
388 3374 442 3413 om.
456 3358 487 3426 P,
505 3378 561 3430 mg.
581 3359 614 3414 V.
670 3365 694 3414 9.
714 3359 781 3431 ΗΖ]
802 3363 902 3415 Zante
920 3376 974 3415 ras.
996 3367 1010 3414 1
1030 3361 1086 3415 litt.
1105 3359 1137 3414 V.

156 3425 254 3504 ἐστιν]
277 3447 331 3488 om.
380 3474 385 3485 .
463 3429 533 3486 Post
551 3426 619 3502 ῥητή
644 3430 675 3484 in
692 3448 749 3499 mg.
768 3449 805 3485 m.
827 3437 841 3484 1
862 3430 926 3487 add.
946 3427 1032 3502 μήκει
1051 3427 1138 3501 άσάμ-

105 3522 215 3576 μειρος
231 3523 270 3564 m.
293 3510 307 3561 1
329 3505 356 3563 b.
434 3499 512 3562 ἐστίν
529 3504 569 3573 B,
592 3501 702 3558 omssl.
770 3506 818 3557 m.
840 3499 904 3554 επεὶ
919 3533 952 3542 -
971 3499 1071 3572 μήκειή
1084 3519 1137 3558 om.
