2378 3832
100 172 165 237 388
514 174 704 224 APPENDIX.

98 313 446 400 παραλληλόγραμμον
468 323 514 404 τῷ
535 319 597 379 ΒΖ
619 310 966 400 παραλληλογράμμῳ,
989 309 1124 377 ἔστιδὲ

100 415 190 510 αὐτῷ
222 420 278 486 καὶ
311 418 512 505 ἰσογώνιον,
549 422 617 486 τῶν
651 417 688 485 δὲ
721 425 805 485 ίσων
834 417 890 484 καί
923 420 1123 502 ἰσογωνίων

98 525 455 613 παραλληλογράμμων
470 523 759 593 ἀντιπεπόνθασιν
774 526 811 590 αί
822 522 963 608 πλευραὶ
982 525 1024 588 αί
1044 523 1124 605 περὶ

98 630 157 711 τὰς
180 639 254 711 ίσας
276 638 411 718 γωνίας,
429 629 605 716 ’ἀνάλογον
629 628 695 717 ἄρα
719 630 811 698 ἐστὶν
834 625 879 708 ὦς
901 625 919 696 ὁ
943 635 1012 694 AB
1037 625 1124 714 πρὸς

64 761 80 810 5
99 736 159 805 τὸν
179 743 251 823 ΓΔ,
275 736 381 818 οὕτως
404 735 507 805 ὁΓΕ
528 736 612 823 πρὸς
630 735 691 804 τὸν
710 743 787 803 AZ·
812 733 892 822 ὅπερ
912 738 982 801 ἔδει
1003 736 1124 815 δείξαι.

584 883 633 946 10.

429 987 481 1052 Ad
496 988 569 1052 libr.
582 987 612 1051 X
630 1010 721 1072 prop.
737 987 788 1052 29.

408 1095 552 1178 Λῆμμα
580 1095 638 1170 είς
664 1088 707 1157 τὸ
734 1088 808 1158 τιθ’.

168 1213 244 1282 Δύο
269 1213 426 1302 ἀριθμῶν
450 1217 625 1283 δοθέντων
647 1215 704 1282 καὶ
727 1210 863 1291 εὐθείας
881 1213 960 1280 θέον
979 1215 1122 1297 ποιῆσαι

101 1318 146 1399 ὡς
168 1319 228 1388 τὸν
251 1318 400 1408 ἀριθμὸν
422 1318 505 1408 πρὸς
526 1319 587 1388 τὸν
606 1317 767 1409 ἀριθμόν,
793 1317 898 1398 οὕτως
916 1317 955 1385 τὸ
974 1313 1040 1385 ἀπὸ
1062 1321 1122 1402 τῆς

100 1423 237 1504 εὐθείας
260 1425 471 1512 τετράγωνον
494 1424 578 1513 πρὸς
595 1424 633 1494 τὸ
657 1423 713 1492 ἄπ’
739 1423 841 1512 ἄλλης
864 1423 965 1503 τινός.

48 1555 82 1604 10
158 1529 334 1598 Ἔστωσαν
353 1536 388 1599 οί
405 1534 564 1612 δοθέντες
583 1532 646 1600 δύο
666 1529 808 1619 ἀριθμοὶ
827 1535 862 1599 οί
878 1540 920 1615 Α,
935 1538 975 1616 Β,
1000 1526 1120 1597 εὐθεῖα

102 1635 139 1704 δὲ
161 1634 182 1720 ἡ
207 1643 249 1723 Γ,
282 1638 338 1704 καὶ
367 1639 446 1706 δέον
470 1639 538 1706 ἐστὶ
565 1642 705 1724 ποιησαι
727 1635 764 1705 τὸ
785 1641 1015 1723 προκείμενον.
1065 1659 1121 1702 πε-

100 1742 257 1830 ποιήσθω
280 1741 344 1831 γὰρ
368 1741 413 1824 ὡς
436 1741 454 1812 ὅ
479 1754 511 1811 A
533 1742 617 1830 πρὸς
643 1742 703 1811 τὸν
726 1752 770 1828 Β,
798 1741 818 1829 ἡ
842 1748 875 1809 Γ
893 1739 1010 1809 εὐθεία
1034 1740 1122 1824 πρὸς

101 1851 206 1936 ἄλλην
238 1848 314 1917 τινὰ
345 1848 408 1936 τὴν
442 1859 489 1937 Δ,
526 1851 582 1917 καὶ
614 1850 768 1938 εἰλήφθω
801 1852 869 1917 τῶν
902 1855 944 1934 Γ,
968 1855 1001 1913 Δ
1035 1849 1120 1934 μίση

101 1953 272 2042 ἀνάλογον
296 1953 316 2042 ἡ
340 1963 378 2024 E.
424 1958 494 2025 ἐπεὶ
519 1949 582 2024 οὖν
606 1959 696 2025 ἐστιν
720 1954 764 2035 ὡς
788 1954 805 2023 ὁ
829 1965 861 2022 A
887 1953 971 2039 πρὸς
993 1951 1056 2021 τὸν
1080 1961 1122 2040 Β,

50 2057 122 2147 1σὴ
147 2066 179 2127 Γ
198 2060 316 2129 εὐθεῖα
338 2062 421 2147 πρὸς
443 2061 505 2149 τὴν
529 2071 577 2148 Δ,
610 2061 683 2130 ἄλλ’
710 2059 755 2142 ὡς
782 2059 802 2147 ἡ
827 2068 859 2129 Γ
884 2055 967 2148 πρὸς
989 2058 1055 2146 τὴν
1078 2067 1122 2146 Δ,

101 2165 139 2233 τὸ
163 2163 228 2235 ἀπὸ
252 2171 311 2252 τῆς
334 2175 366 2234 Γ
384 2166 468 2255 πρὸς
489 2166 527 2235 τὸ
551 2168 617 2236 ἀπὸ
634 2172 692 2254 τῆς
711 2176 755 2252 Ε,
780 2164 825 2245 ὡς
847 2167 913 2250 ἄρα
937 2161 954 2232 ὁ
979 2174 1012 2232 Α
1036 2164 1122 2252 πρὸς

101 2270 163 2338 τὸν
182 2279 220 2355 Β,
243 2270 280 2340 τὸ
304 2271 368 2340 ἀπὸ
393 2278 451 2359 τῆς
469 2279 501 2341 Γ
519 2272 604 2360 πρὸς
625 2272 663 2342 τὸ
683 2270 748 2341 ἀπὸ
767 2276 824 2358 τῆς
843 2278 875 2338 Β
894 2270 1121 2359 τετράγωνον.

542 2481 543 2484 ,
586 2420 637 2483 11.

434 2523 485 2586 Ad
500 2523 615 2589 libr.X
633 2546 725 2609 prop.
739 2525 791 2589 31.

419 2634 560 2714 Λῆμμα
588 2631 644 2706 είς
671 2626 713 2694 τὸ
742 2631 808 2695 λα’.

166 2747 245 2816 Ἐὰν
273 2742 335 2817 οἷσι
364 2749 427 2817 δύο
456 2749 589 2818 εὐθείαι
615 2752 652 2818 ἐν
681 2750 770 2840 λόγῳ
798 2756 880 2833 τινί,
913 2754 1004 2816 ἔσται
1029 2747 1074 2828 ὡς
1099 2748 1121 2836 ἡ

49 2879 84 2927 20
103 2856 221 2922 εὐθεῖα
240 2852 323 2942 πρὸς
340 2855 402 2941 τὴν
421 2853 571 2941 εὐθεῖαν,
596 2853 702 2936 οὕτως
720 2855 757 2924 τὸ
777 2854 843 2924 ὑπὸ
862 2859 931 2923 τῶν
950 2854 1015 2923 δύο
1035 2855 1123 2942 πρὸς

102 2959 141 3027 τὸ
164 2957 230 3027 ἀπὸ
254 2963 312 3044 τῆς
336 2962 514 3048 ἐλαχίστης.

160 3063 334 3132 Ἔστωσαν
354 3064 395 3151 δὴ
416 3066 478 3134 δύο
498 3065 630 3135 εὐθεῖαι
648 3071 686 3134 αί
699 3075 777 3154 ΑΒ,
792 3073 857 3134 ΒΓ
872 3068 909 3134 ἐν
928 3068 1018 3156 λόγῳ
1038 3075 1122 3136 τινί·

104 3171 205 3256 λέγω,
232 3168 282 3238 ὅτι
309 3172 399 3238 ἐστὶν
428 3171 472 3252 ὡς
498 3171 518 3258 ἡ
548 3182 612 3241 ΑΒ
639 3173 724 3260 πρὸς
749 3172 811 3259 τὴν
840 3179 914 3260 ΒΓ,
947 3171 1055 3254 οὕτως
1083 3174 1123 3244 τὸ

147 3311 306 3441 921οὲ4Ροῑρί
325 3329 403 3382 prop.
420 3313 509 3367 XXIX
529 3333 556 3384 p.
571 3321 613 3383 88,
631 3320 663 3369 18
682 3315 714 3370 V.
790 3320 831 3370 11.
851 3314 919 3370 Post
933 3331 1013 3385 prop.
1029 3317 1123 3373 XXXI

93 3402 125 3455 p,
181 3428 189 3455 ,
293 3427 299 3439 .

157 3520 184 3570 4.
206 3514 277 3591 AB]
297 3533 312 3574 e
335 3531 409 3573 corr.
431 3515 467 3573 V.
