2378 3832
102 177 168 241 ιιι
488 118 737 226 nomm.

102 321 138 387 ἐκ
162 317 225 386 δίο
250 315 426 403 ὀνομάτων
455 316 560 402 έκτην.
606 317 646 382 τά
675 313 706 382 δ’
732 309 891 400 εἰρημένα
919 312 1025 397 πλάτη
1051 315 1123 378 δια·

103 425 198 512 φέρει
221 429 282 491 τοῦ
304 449 340 491 τε
362 421 496 509 πρώτου
518 423 575 489 καὶ
603 419 772 508 άλλῆλων,
800 423 861 487 τοῦ
888 417 949 505 μέν
972 417 1123 507 πρώτου,

104 528 156 598 δτι
180 530 263 617 ῥητῆ
288 533 394 616 ἐστιν,
424 527 578 614 άλλῆλων
602 531 649 613 δέ,
678 525 729 595 ὅτι
758 530 799 615 τῆ
826 525 916 606 τάξει
946 522 1008 593 οὐκ
1032 526 1123 594 εἰσὶν

103 639 141 704 αί
148 634 258 706 αὐταί·
274 635 422 705 ὥστεκαὶ
437 633 536 702 αὐταὶ
550 639 586 702 αί
594 633 712 719 άλογοι
723 632 944 720 διαφέρουσιν
954 629 1123 718 άλλῆλων.

68 870 84 919 5
582 870 623 929 07
638 897 645 912 .

177 971 266 1039 Ἐδιν
303 968 379 1037 ἀπὸ
417 972 535 1056 ῥητῆς
571 967 667 1056 ῥητῆ
710 965 913 1057 ἀφαιρεθῇ
950 965 1116 1053 δυνάμει

105 1079 231 1166 μόνον
255 1076 480 1164 σύμμετρος
504 1068 602 1143 οὖσα
625 1077 669 1164 τῆ
695 1073 778 1163 ὅλη,
802 1072 822 1162 ῆ
842 1074 959 1162 λοιπῆ
978 1071 1120 1159 άλοηός

106 1187 229 1252 ἐστιν·
261 1188 462 1249 καλείσθω
487 1181 528 1248 δὲ
552 1179 738 1267 άποτομῆ.

177 1289 255 1356 Ἀπδ
285 1289 348 1374 γδιρ
378 1290 479 1375 ῥητῆς
505 1290 564 1373 τῆς
593 1294 658 1355 ΑΒ
686 1289 769 1373 ῥητῆ
796 1284 986 1376 άφηρῆσθω
1014 1286 1036 1376 ῆ
1061 1296 1130 1358 ΒΓ

54 1418 88 1467 10
107 1396 249 1481 δυνάμει
272 1394 378 1481 μόνον
404 1393 590 1480 σύμμετρος
613 1385 698 1461 οὖσα
721 1398 760 1482 τῆ
785 1391 859 1482 ὅλη·
896 1394 998 1481 λέγω,
1028 1393 1079 1462 ὅτι
1105 1393 1126 1482 ῆ

107 1506 205 1589 λοιπῆ
231 1500 251 1587 ῆ
275 1505 345 1568 ΑΓ
364 1498 486 1585 άλογός
510 1503 599 1567 ἐστιν
623 1498 644 1586 ῆ
667 1501 858 1587 καλουμένη
881 1498 1042 1588 άποτομῆ.

176 1608 266 1676 Ἐπεὶ
290 1606 353 1694 γὰρ
378 1604 587 1694 ἀσύμμετρός
610 1609 700 1674 ἐστιν
726 1607 746 1692 ῆ
771 1614 836 1674 ΑΒ
863 1611 902 1697 τῆ
926 1614 993 1675 ΒΓ
1016 1606 1126 1695 μήκει,

106 1721 164 1783 καί
185 1713 275 1783 ἐστιν
300 1714 345 1793 ὡς
367 1710 387 1800 ῆ
412 1720 478 1780 ΑΒ
501 1711 584 1800 πρὸς
606 1716 669 1798 τῆν
692 1718 764 1799 ΒΓ,
789 1711 894 1793 οὕτως
914 1713 952 1782 τὸ
977 1712 1042 1781 άπὸ
1067 1726 1128 1802 τῆς

106 1830 171 1889 ΑΒ
195 1821 279 1909 πρὸς
301 1819 339 1888 τὸ
364 1817 429 1888 ὑπὸ
449 1824 518 1888 των
538 1826 614 1904 ΑΒ,
633 1824 706 1904 ΒΓ,
729 1817 942 1910 ἀσύμμετρον
966 1818 1032 1908 άρα
1056 1821 1127 1889 ἐστὶ

56 1949 89 1999 ισ
106 1926 144 1997 τὸ
169 1929 233 1997 ἀπὸ
257 1931 316 2014 τῆς
339 1934 404 1994 ΑΒ
428 1931 473 2018 τῷ
497 1924 563 1994 ὑπὸ
581 1929 649 1993 τῶν
672 1933 755 2013 ΑΒ,
780 1932 849 1994 ΒΓ.
890 1924 974 1995 άλλδι
993 1932 1038 2019 τῷ
1064 1928 1126 2015 μέν

108 2024 254 2120 άπὸτῆς
277 2041 343 2100 ΑΒ
365 2032 536 2122 σύμμετρά
559 2034 628 2099 ἐστι
651 2031 691 2098 τὰ
716 2028 781 2100 άπὸ
805 2035 872 2100 τῶν
895 2040 973 2120 ΑΒ,
992 2040 1059 2102 ΒΓ
1077 2060 1125 2102 τε·

107 2139 273 2225 τράγωνα,
297 2141 342 2228 τῷ
367 2137 405 2205 δὲ
427 2136 493 2206 ὑπὸ
516 2149 584 2206 τῶν
609 2144 685 2223 ΑΒ,
704 2144 773 2206 ΒΓ
790 2138 981 2226 σύμμετρόν
1001 2142 1067 2208 ἐστι
1084 2138 1122 2206 τὸ

109 2244 162 2323 δὶς
190 2241 256 2311 ὑπὸ
283 2247 352 2310 τῶν
383 2250 464 2328 ΑΒ,
489 2249 558 2311 ΒΓ.
609 2244 665 2310 καὶ
693 2242 868 2330 ἐπειδήπερ
896 2242 937 2310 τὰ
964 2242 1028 2313 ἀπὸ
1057 2248 1125 2314 τῶν

108 2355 186 2434 ΑΒ,
206 2354 272 2416 ΒΓ
291 2355 347 2414 ἴσα
372 2348 440 2415 ἐστὶ
463 2351 508 2438 τῷ
533 2348 585 2428 δὶς
607 2351 673 2418 υπὸ
691 2351 760 2417 τῶν
779 2356 855 2434 ΑΒ,
875 2355 942 2417 ΒΓ
960 2355 1041 2437 μετὰ
1065 2355 1128 2420 τοῦ

57 2478 91 2529 20
109 2452 174 2523 άπὸ
198 2460 277 2542 ΓΑ,
299 2454 356 2521 καὶ
379 2457 483 2546 λοιπῷ
508 2451 574 2543 άρα
596 2460 641 2544 τῷ
667 2453 731 2524 άπὸ
761 2458 819 2542 τῆς
841 2462 873 2522 Α
879 2461 915 2523 Γ·
933 2454 1128 2544 άσάμμετρά

110 2565 180 2631 ἐστι
202 2560 242 2629 τά
266 2559 331 2629 άπὸ
355 2571 424 2628 τῶν
447 2567 524 2645 ΑΒ,
544 2567 613 2630 ΒΓ.
652 2563 734 2651 ῥητδι
759 2561 797 2630 δέ
818 2559 859 2629 τά
877 2560 942 2631 άπο
961 2566 1030 2631 τῶν
1050 2571 1129 2650 ΑΒ,

183 2746 207 2794 1.
226 2735 261 2793 τά
280 2734 324 2809 δ’]
350 2733 413 2792 ἐπεὶ
431 2728 482 2803 οὖν
502 2734 536 2791 τά
555 2737 654 2793 Theon
673 2738 808 2808 (BFVb).
882 2738 1128 2863 είρημέναῶείμ

111 2824 180 2864 corr.
201 2810 234 2864 V.
289 2814 314 2864 3.
334 2808 380 2879 τῇ]
400 2825 454 2863 om.
473 2808 504 2864 F.
559 2815 584 2864 4.
605 2805 689 2880 ὥστε]
709 2810 796 2879 δῆλον
815 2804 852 2872 ὡς
870 2811 969 2865 Theon
989 2811 1022 2879 (B
1057 2811 1128 2882 Vb).

147 2883 172 2935 ὅ.
192 2878 255 2946 Seq.
276 2879 397 2945 δευτέρα
415 2876 493 2944 τάξις
512 2873 616 2949 ἕτέρων
634 2877 725 2949 λόγων
745 2884 811 2950 (om.
826 2883 855 2951 b)
875 2883 931 2935 τῶν
949 2879 1023 2935 κατὰ
1037 2877 1128 2969 άφαί-

111 2967 188 3019 ρεσιν
207 2948 313 3004 PBVb
332 2948 456 3017 (uidetur
478 2949 564 3004 fuisse
588 2950 617 3004 in
639 2950 676 3018 F,
705 2953 754 3006 sed
774 2953 841 3007 sust.
860 2953 1023 3022 reparatio);
1054 2949 1129 3022 αρχῆ

111 3021 168 3074 τῶν
187 3015 252 3074 κατ’
274 3015 427 3090 ἀφαίρεσιν
446 3014 555 3086 ἕξάδων
574 3039 611 3074 m.
632 3026 647 3074 2
667 3022 697 3077 B.
758 3021 818 3094 ομ]
837 3027 936 3092 postea
954 3022 1019 3078 add.
1038 3024 1060 3077 F
1082 3026 1130 3093 (ab

22 3138 25 3143 .
110 3089 194 3146 initio
217 3090 288 3145 haec
312 3108 392 3179 ρτορ.
416 3092 682 3161 apraecedentibus
706 3092 794 3149 ditem
816 3096 847 3148 ta
869 3111 924 3148 non
947 3095 1028 3163 erat).
1103 3102 1129 3150 7.

112 3161 164 3235 τῆ]
189 3178 242 3218 om.
262 3161 289 3215 b.
366 3183 384 3232 η
403 3158 504 3234 λοιπή]
527 3163 623 3231 λοιπῆι
641 3163 672 3218 F.
749 3170 774 3219 8.
795 3110 853 3220 έστι
870 3165 939 3232 BV,
963 3181 1054 3235 comp.
1074 3166 1128 3220 Fb.

148 3229 198 3303 δέ]
224 3229 260 3302 δή
283 3232 315 3288 Β.
388 3238 413 3288 9.
437 3230 539 3305 ῥητῆς]
565 3234 659 3303 διττῆς
677 3233 707 3288 F.
781 3237 850 3307 ΒΓ]
875 3240 926 3290 ΓΒ
944 3235 975 3290 F.
1049 3234 1129 3306 11.ῆ

112 3300 293 3390 κρλονμένη]
317 3306 461 3359 καλείσθω
480 3302 513 3358 δέ
533 3305 565 3359 V.
650 3310 691 3360 12.
711 3301 904 3378 ἀσύμμετρος]
917 3324 999 3393 εοοιω.
1019 3324 1054 3391 οξ
1073 3303 1129 3376 ἄρα

112 3375 450 3518 mmmmm?
474 3390 691 3516 ωομεν
704 3395 740 3502 ες
761 3383 777 3430 ²
871 3382 1133 3520 καιναί

98 3528 120 3571 ο
140 3532 212 3575 σοιν.
241 3518 277 3590 V,
304 3535 376 3578 corr.
396 3535 433 3578 ex
458 3537 501 3584 -ος
524 3536 561 3574 m.
584 3535 642 3575 ree.
662 3518 698 3574 P.
774 3524 820 3573 xz.
842 3516 986 3588 οίρριιρα
1002 3520 1129 3590 -w3v1
