2378 3832
111 159 153 223 28
495 162 696 214 ΣΤΟΙΧΕΙΩΝ
714 156 741 214 ι’.

111 299 172 386 μὸς
193 300 278 389 πρὸς
300 301 510 389 τετράγωνον
534 299 698 388 ἀριθμόν,
727 303 911 390 σύμμετρος
934 305 1026 368 ἔσται
1049 298 1069 387 ή
1095 311 1129 368 A

108 409 149 494 τή
164 413 202 473 Β.
235 407 298 473 οὐκ
317 411 385 474 ἔστι
401 408 450 474 δέ·
484 404 545 475 οὐκ
563 407 629 494 ἅμα
648 405 685 475 τδ
704 404 769 475 άπὸ
788 412 846 493 τής
865 416 896 474 Α
914 408 1129 493 τετράγωνον

109 508 192 599 πρὸς
205 509 243 579 τὸ
263 509 327 580 άτὸ
347 523 405 599 τῆς
425 519 452 579 Β
472 512 710 601 [τετράγωνον]
730 513 833 597 λόγου
853 518 929 600 ἔχει,
953 509 994 580 δν
1012 513 1127 599 τετρά-

109 643 218 702 νωνος
240 617 386 706 ἀριθμὸς
408 616 492 704 πρὸς
514 619 726 704 τετράγωνον
749 617 906 706 ἀριθμόν.

74 748 90 796 f>
177 723 290 790 Πάλιν
314 721 356 809 δή
379 722 416 791 τὸ
442 722 506 791 άτιὸ
531 727 590 810 τής
608 733 640 792 A
657 723 869 811 τετράγωνον
892 725 975 813 πρὸς
997 718 1034 792 τδ
1058 723 1126 793 άπὸ

109 833 167 914 τής
190 836 219 897 Β
243 829 480 917 [τετράγωνον]
504 831 607 914 λόγον
635 827 680 916 μή
708 831 822 917 ἐχέτω,
852 828 893 898 δν
920 830 1128 918 τετράγωνος

110 933 255 1021 άριθμὸς
277 933 361 1019 πρὸς
383 934 593 1023 τετράγωνον
617 933 780 1023 ἀριθμόν·
817 938 917 1024 λέγω,
947 935 998 1005 ὅτι
1021 934 1128 1023 άσύμ-

111 1040 228 1128 μετρός
246 1042 336 1108 ἐστιν
360 1039 377 1107 ή
405 1050 437 1108 A
459 1051 498 1130 τῇ
523 1048 551 1108 Β
574 1042 680 1128 μήκει.

177 1151 222 1212 Εἰ
243 1146 307 1233 γάρ
332 1149 400 1214 ἐστι
424 1148 611 1235 σύμμετρος
632 1146 652 1235 ή
677 1157 709 1215 A
728 1153 766 1237 τῇ
786 1157 826 1234 Β,
850 1151 914 1230 ἕξει
932 1147 970 1217 τὸ
987 1147 1052 1217 άτιὸ
1066 1161 1128 1236 τῆς

58 1276 91 1324 10
109 1255 142 1319 Α
165 1250 248 1339 πρὸς
269 1254 308 1321 τὸ
331 1248 396 1319 άπὸ
416 1263 474 1338 τής
496 1260 525 1320 Β
548 1253 664 1341 λόγον,
689 1252 730 1322 δν
751 1254 959 1342 τετράγωνος
981 1251 1127 1342 ἀριθμὸς

110 1355 194 1444 πρὸς
224 1357 435 1445 τετράγωνον
462 1356 631 1446 ἀριθμόν·
675 1358 737 1427 οὐκ
770 1365 836 1448 ἔχει
868 1362 917 1429 δέ·
966 1357 1027 1428 οὐκ
1059 1359 1126 1449 άριι

110 1463 295 1551 σύμμετρός
318 1465 408 1530 ἐστιν
432 1461 453 1549 ή
476 1472 508 1530 A
530 1475 570 1551 τῇ
594 1472 623 1532 Β
646 1464 752 1551 μήκει.

181 1568 228 1636 Τὰ
252 1568 318 1657 άρα
341 1568 405 1637 άπὸ
429 1573 498 1637 των
522 1569 618 1658 μήκει
642 1574 849 1660 συμμέτρων,
872 1573 928 1640 καὶ
950 1572 990 1641 τά
1010 1575 1092 1661 ἑξῆς.

521 1747 716 1835 Πόρισμα.

59 1893 90 1941 15
176 1871 244 1936 Καὶ
277 1868 426 1957 φανερὸν
460 1872 496 1938 ἐκ
522 1875 590 1940 τιόν
620 1873 843 1957 δεδειγμένων
871 1875 977 1952 ἔσται,
1011 1867 1061 1935 ὅτι
1090 1875 1128 1936 αἱ

109 1976 206 2060 μήκει
230 1975 412 2062 σύμμετροι
435 1976 567 2057 πάντως
589 1978 645 2043 καὶ
665 1976 821 2061 δυνάμει,
855 1978 893 2041 ιιί
918 1973 956 2040 δὲ
984 1973 1124 2061 δυνάμει

110 2076 152 2146 οὐ
180 2079 314 2160 πάντως
340 2081 396 2148 καὶ
424 2080 519 2167 μήκει
548 2086 653 2165 [εἴπερ
676 2077 717 2145 τά
740 2077 805 2145 άπδ
829 2080 897 2146 τῶν
925 2079 1021 2165 μήκει
1045 2068 1123 2167 συμζ

110 2185 240 2272 μέτρων
259 2185 405 2256 εὐθειῶν
424 2185 615 2274 τετράγωνα
633 2183 736 2268 λόγου
756 2189 837 2270 ἔχει,
856 2180 898 2252 δν
915 2185 1124 2271 τετράγωνος

110 2287 255 2377 ἀριθμὸς
269 2291 352 2380 πρὸς
365 2292 575 2382 τετράγωνον
590 2288 751 2376 άριθμόν,
767 2287 808 2356 τά
824 2289 860 2358 δὲ
874 2294 978 2377 λόγον
993 2297 1122 2380 ἔχοντα,

56 2418 91 2467 20
111 2394 151 2463 δν
175 2395 321 2485 ἀριθμὸς
343 2398 427 2486 πρὸς
449 2395 614 2485 ἀριθμόν,
643 2394 813 2483 σύμμετρά
837 2398 936 2466 ἐστιν.
982 2396 1065 2466 ὥστε
1089 2403 1126 2466 ιιί

109 2501 205 2588 μήκει
233 2503 414 2590 σύμμετροι
442 2500 572 2570 εὐθεῖαι
602 2499 643 2569 οὐ
671 2502 779 2588 μόνον
807 2503 898 2588 [εἰσὶ]
923 2502 1018 2590 μήκει
1042 2504 1124 2591 σάμ-

109 2633 234 2697 μετροι,
258 2606 342 2675 άλλά
365 2608 421 2674 καὶ
446 2606 595 2693 δυνάμει.
1116 2698 1121 2704 ¹

175 2713 277 2781 πάλιν
297 2716 377 2799 ἐπεί,
398 2710 460 2780 ὅσα
479 2712 670 2799 τετράγωνα
688 2712 771 2800 πρὸς
789 2712 917 2800 άλλήλα
932 2713 1034 2802 λόγον
1047 2720 1123 2802 ἔχει,

109 2815 150 2886 δν
160 2818 368 2906 τετράγωνος
378 2815 523 2904 ἀριθμὸς
532 2817 615 2907 πρὸς
624 2818 836 2906 τετράγωνον
850 2818 1011 2908 ἀριθμόν,
1026 2821 1122 2909 μήκει

57 2947 91 2997 26
111 2925 246 3011 ἐδείχθη
272 2923 440 3010 σύμμετρα
467 2925 523 2991 καὶ
547 2923 688 3012 δυνάμει
713 2922 794 2992 ὅντα
818 2926 987 3014 σύμμετρα
1013 2931 1058 3019 τῷ
1082 2925 1123 2994 τά

108 3028 298 3117 τετράγωνα
325 3027 428 3115 λόγον
462 3035 564 3118 ἔχειν,
587 3027 640 3099 ὤδν
668 3028 814 3119 ἀριθμὸς
845 3031 929 3118 πρὸς
962 3032 1122 3121 ἀριθμόν,

109 3134 172 3203 ὅσα
201 3133 267 3223 άριι
294 3135 485 3224 τετράγωνα
514 3137 617 3222 λόγον
645 3136 707 3206 οὐκ
735 3143 815 3225 ἔχει,
849 3135 890 3206 δυ
917 3137 1124 3226 τετράγωνος

109 3239 256 3329 άμιθμὸς
283 3240 370 3330 πρὸς
398 3244 609 3330 τετράγωνον
634 3241 798 3330 άριθμόν,
826 3241 909 3311 ἀλλὰ
933 3242 1058 3331 ἁπλῶς,
1083 3243 1123 3314 δν

181 3425 206 3476 2.
225 3418 416 3474 Postssadd.
432 3417 515 3488 μήκει
529 3420 647 3474 m.2V.
703 3426 727 3474 3.
747 3416 936 3493 τετράγωνον]
952 3437 998 3476 om
1013 3419 1059 3475 Ρ.’
1098 3426 1123 3476 5.

93 3485 154 3556 δή]
167 3504 221 3544 om,
243 3489 275 3558 b,
300 3487 340 3546 δι’
353 3489 446 3546 BFV.
521 3496 545 3549 6.
569 3486 762 3563 τετράγωνιυή
782 3509 838 3548 om.
854 3491 886 3548 P.
958 3498 983 3548 8.
1003 3488 1123 3563 ἐστιν]ε
