2378 3832
125 161 188 226 188
510 159 713 212 ΣΤΟΙΧΕΙΩΝ
730 154 757 212 ί.

192 303 351 370 Δεικτέον
375 300 429 387 δη,
453 299 505 369 ὅτι
527 300 584 368 ναὶ
607 300 754 386 δευτέρα.

188 405 276 475 Ἐπεὶ
299 407 363 494 γὰρ
387 403 426 474 τὰ
449 404 515 474 άπὸ
540 409 609 473 τοῖν
633 411 711 491 ΑΓ,
735 411 796 473 ΓΒ
819 407 954 492 μείζονά
980 406 1054 472 έστι
1081 408 1144 473 τοῦ

125 515 177 593 δὶς
204 510 269 581 ὑπὸ
294 516 362 580 τῶν
390 518 470 597 ΑΓ,
498 518 575 596 ΓΒ,
604 517 715 598 μεῖζον
745 510 809 598 άρα
836 511 892 578 καὶ
919 509 958 579 τὸ
983 517 1056 578 ΔΛ
1082 513 1143 578 τοῦ

124 627 209 687 ΜΖ·
242 620 326 686 ὥστε
348 616 443 704 καὶὴ
467 624 552 684 ΔΜ
569 621 627 704 της
641 624 729 685 ΜΗ.
766 616 822 684 καὶ
850 616 920 684 ἐπεὶ
951 615 1145 703 σύμμετρόν

90 751 105 798 5
125 727 193 793 ἐστι
216 723 254 792 τὸ
278 721 343 791 άπὸ
365 728 424 808 της
442 729 512 790 ΑΓ
529 726 575 813 τῷ
600 719 665 790 άπὸ
684 726 743 808 τῆς
761 727 839 807 ΓΒ,
863 721 1057 808 σύμμετρόν
1074 724 1143 790 ἐστι

123 832 178 899 καί
202 830 239 899 τὸ
266 836 331 897 ΔΘ
348 839 393 920 τῷ
417 835 500 896 ΚΛ·
532 825 694 896 ὥστεκαὶ
717 824 737 913 ἡ
761 832 835 894 ΔΚ
854 831 893 914 τῇ
918 834 1003 895 ΚΜ
1020 826 1138 916 σάμμε·

124 937 201 1024 τρός
225 939 323 1004 ἐστιν.
359 940 419 1002 καί
439 935 507 1001 ἐστι
529 932 567 1002 τὸ
591 931 656 1001 ὑπὸ
681 937 749 1001 τῶν
768 940 889 1002 ΔΚΜ
907 941 986 1001 ίσον
1008 943 1051 1026 τῷ
1073 929 1139 1000 άπὸ

124 1047 182 1128 της
196 1048 287 1109 ΜΝ·
318 1038 338 1126 ἡ
359 1049 392 1106 Δ
398 1047 441 1107 Μ
454 1038 520 1127 άρα
538 1045 597 1126 τῆς
615 1045 698 1107 ΜΗ
712 1045 824 1126 μεῖζον
847 1039 993 1108 δύναται
1014 1041 1059 1131 τῷ
1077 1038 1145 1107 άπὸ

126 1148 315 1233 συμμέτρου
339 1147 447 1234 ἑαυτῇ.
484 1152 544 1214 καί
564 1149 654 1214 ἐστιν
672 1143 693 1232 ἡ
713 1151 797 1213 ΜΗ
810 1145 999 1232 σύμμετρος
1020 1155 1062 1234 τῇ
1081 1152 1148 1213 ΔΒ

75 1279 106 1326 10
126 1251 230 1339 μήκει.
470 1310 484 1337 ,Α

188 1356 233 1426 Ἡ
254 1365 329 1425 ΔΗ
347 1356 412 1446 άρα
437 1359 471 1425 ἐκ
495 1357 558 1426 δύο
583 1355 757 1444 ὀνομάτων
781 1358 849 1426 ἐστὶ
873 1359 1024 1444 δευτέρα.

605 1569 661 1656 eff·

198 1695 247 1764 Τὸ
276 1694 350 1763 άπὸ
380 1699 448 1781 τῆς
479 1697 518 1762 ἐκ
552 1692 626 1761 δύο
660 1695 790 1780 μέσων
823 1694 1011 1780 δευτέρας
1041 1692 1145 1777 παρὰ

126 1801 249 1889 βητην
281 1799 641 1888 παραβαλλόμενον
673 1799 818 1879 πλάτος
856 1811 964 1867 ποιεῖ
994 1797 1069 1884 τὴν
1105 1799 1143 1865 ἐκ

75 1932 108 1980 15
129 1911 199 1975 δύο
224 1903 431 1992 ὀνομάτων
454 1909 601 1991 τρίτην.

184 2011 292 2079 Ἔστω
313 2014 348 2078 έκ
372 2009 434 2077 δύο
458 2011 569 2095 μέσων
593 2012 734 2097 δευτέρα
757 2007 778 2096 ἡ
797 2017 863 2076 ΑΒ
888 2011 1073 2098 διῃρημένη
1095 2013 1144 2088 είς

125 2117 184 2197 τάς
207 2119 307 2202 μέσας
329 2114 411 2183 κατὰ
434 2114 471 2184 τὸ
495 2122 534 2201 Γ,
559 2115 642 2184 ὥστε
664 2117 702 2183 τὸ
725 2121 837 2201 μεῖζον
859 2125 972 2201 τμῆμα
996 2112 1141 2183 εἶναιτὸ

126 2228 204 2305 ΑΓ,
228 2220 310 2309 ῥητὴ
334 2222 374 2288 δέ
394 2247 444 2300 τις
468 2227 549 2289 ἔστω
573 2220 593 2308 ἡ
619 2230 698 2305 ΔΕ,
721 2222 777 2288 καὶ
800 2219 889 2308 παρὰ
911 2218 975 2307 τὴν
999 2227 1069 2288 ΔΒ
1095 2223 1141 2311 τῷ

127 2324 192 2395 άπὸ
220 2330 278 2413 τῆς
303 2333 369 2392 ΑΒ
393 2335 469 2394 ίσον
496 2326 844 2415 παραλληλόγραμμον
872 2325 1147 2414 παραβεβλήσθω

73 2459 108 2508 20
126 2437 164 2503 τὸ
188 2440 254 2500 ΛΖ
277 2435 399 2511 πλάτος
421 2436 544 2500 ποιοῦν
566 2436 629 2519 τὴν
653 2441 738 2502 ΛΗ·
772 2434 869 2518 λέγω,
893 2429 944 2499 ὅτι
967 2430 988 2517 ἡ
1011 2438 1092 2499 ΔΗ
1111 2433 1149 2499 ἐκ

127 2543 190 2610 δύο
215 2537 392 2625 ὀνομάτων
416 2537 484 2605 ἐστὶ
506 2543 609 2626 τρίτη.

193 2641 526 2714 Κατεσκευάσθω-τά
550 2643 635 2712 αὐτὰ
658 2644 736 2724 τοῖς
751 2642 1052 2729 προδεδειγμένοις.
1089 2643 1148 2710 καὶ

127 2753 196 2820 ἐπεὶ
225 2754 259 2819 ἐκ
288 2749 351 2817 δύο
380 2750 491 2835 μέσων
524 2752 662 2836 δευτέρα
698 2750 787 2817 ἐστὶν
813 2746 834 2834 ἡ
863 2755 929 2814 ΑΒ
958 2749 1148 2836 διῃρημένη

126 2860 209 2924 κατὰ
228 2857 266 2924 τὸ
285 2863 324 2944 Γ,
344 2859 380 2924 ac
397 2862 473 2943 ΑΓ,
492 2862 555 2923 ΓΒ
574 2854 640 2940 άρα
664 2857 760 2942 μέσαι
783 2855 848 2922 εἰσὶ
871 2853 1013 2940 δυνάμει
1036 2854 1149 2940 μόνον

76 2987 110 3037 25
129 2961 310 3050 σύμμετροι
328 2963 431 3049 μέσον
445 2965 670 3049 περιέχουσαι·
690 2959 772 3029 ὥστε
790 2961 846 3028 καὶ
864 2958 902 3028 τὸ
922 2965 1148 3049 συγκείμενον

200 3145 225 3193 3.
244 3139 314 3210 ΑΓ]
334 3139 406 3193 Pin
424 3156 476 3193 ras.
496 3157 533 3193 m.
553 3145 568 3192 1
588 3138 617 3192 P.
673 3144 698 3192 ἵ.
718 3133 806 3208 ἐστιν]
827 3134 884 3191 ἐστι
903 3135 966 3204 BV,
986 3153 1079 3207 comp.
1094 3137 1141 3191 Fb.

165 3204 236 3281 ἐστι]
255 3203 330 3264 ἔστιν
344 3209 375 3264 Ρ.
431 3209 540 3277 ΔΚΜ]
560 3213 587 3263 Κ
601 3224 669 3263 corr.
685 3207 891 3276 eme.1P;
912 3213 938 3262 Δ
945 3211 977 3277 Κ,
991 3211 1057 3262 ΚΜ
1076 3223 1143 3263 corr.

129 3295 164 3335 ex
182 3283 332 3348 ΔΚ,ΝΜ
347 3279 380 3334 V.
453 3285 478 3334 8.
498 3278 582 3349 MH]
602 3295 671 3334 corr.
690 3296 724 3333 ex
743 3282 812 3333 MN
828 3279 948 3334 m.1b.
1022 3275 1144 3334 δύναται

127 3354 225 3422 μεῖζον
243 3350 277 3406 V.
343 3356 384 3406 12.
404 3348 464 3424 ξβ]
484 3366 552 3404 corr.
572 3366 606 3404 ex
625 3347 669 3419 ἔμ’
689 3350 720 3404 F.
784 3355 825 3406 15.
845 3345 1005 3418 ὀνομάτων]
1025 3365 1095 3404 corr.
1109 3365 1143 3403 ex

127 3420 220 3493 μέσον
238 3440 275 3477 m.
294 3427 311 3475 2
330 3420 363 3477 B.
436 3421 545 3491 τρίτην]
564 3421 593 3474 in
611 3437 665 3474 ras.
685 3438 721 3473 m.
739 3427 752 3473 1
772 3419 804 3474 B.
878 3426 919 3475 16.
939 3417 1021 3490 ἔστω]
1040 3422 1072 3474 in
1089 3436 1142 3472 rae.

119 3493 238 3549 ιπίΒ.
301 3497 344 3548 18.
366 3489 450 3566 ἔστω]
468 3491 608 3564 γεγονέτω
622 3490 658 3547 V.
714 3491 895 3561 ΔΕλίοταε.
910 3490 1024 3546 m.1B.
1078 3488 1142 3558 τήν]
