2378 3832
89 134 153 199 182
473 135 675 187 troam
693 134 720 190 ι’.

86 273 447 362 παραβαλλόμενον
469 273 615 355 πλάτος
637 273 838 362 ποιεῖτὴν
861 275 903 343 ἐτι
920 273 994 344 δόο
1015 274 1106 346 ὀνο·

87 381 220 467 μάτων
241 380 408 468 πρωτην.

145 485 254 556 ”Eam
281 489 319 556 ἐκ
345 487 409 557 δύο
438 484 614 573 ὀνομάτων
641 485 663 573 ἡ
690 492 757 554 ΑΒ
779 487 965 581 διῃρημένη
992 493 1042 570 εἰς
1064 489 1104 558 τά

88 590 237 680 ὀνόματα
263 593 346 664 κατὰ
374 593 412 663 τὸ
436 600 479 681 Γ,
506 591 591 662 ὅστε
617 591 657 661 τὸ
684 599 798 680 μεῖζον
825 591 933 682 ὄνομα
955 592 1045 665 εδναι
1066 594 1104 666 τὸ

53 706 170 784 οΑΓ,
192 701 247 768 καλ
271 703 433 770 ἐκκείσθω
457 698 539 787 ῥητά,
563 699 584 787 ἡ
609 706 693 786 ΛΕ,
715 700 772 767 καλ
794 711 840 791 τῷ
863 698 930 769 &ab
952 712 1014 788 τῆς
1037 709 1103 771 AB

88 814 164 875 ἴσον
186 805 276 893 παρὰ
294 806 357 893 τήν
377 814 447 873 ΛΕ
464 805 733 894 παραβεβλήσθω
756 804 794 875 τὸ
817 813 966 875 ΔΕΖΗ
983 809 1101 888 πλάτος

86 915 211 981 τιοιοῦν
234 913 295 998 τὴν
319 919 405 979 ΔΗ·
436 913 537 998 λέγω,
565 911 616 981 ὅτι
638 910 659 999 ἡ
683 920 761 980 ΔΗ
779 912 902 982 ἐκδύο
928 911 1097 1001 ὀνομάτων

88 1019 156 1085 ἐστὶ
179 1016 301 1103 πρώτη.

155 1123 433 1210 Παραβεβλήσθω
466 1122 531 1210 γὰρ
563 1122 652 1210 παρὰ
683 1123 746 1210 τήν
770 1131 840 1191 ΛΕ
864 1128 911 1214 τῷ
941 1123 1008 1211 μὲν
1038 1122 1104 1194 άπὸ

37 1252 69 1300 10
87 1231 147 1312 τῆς
174 1234 242 1296 ΑΓ
265 1237 341 1297 λσον
368 1228 406 1298 τὸ
435 1236 519 1314 ΔΘ,
552 1233 597 1320 τῷ
628 1230 666 1297 δὲ
693 1229 758 1298 άπὸ
787 1234 846 1316 τῆς
872 1236 940 1298 ΒΓ
962 1239 1041 1300 ἴσον
1067 1230 1105 1300 τὸ

88 1340 169 1401 KA·
196 1334 315 1403 λοιτιὸν
338 1333 404 1422 ἄρα
426 1334 464 1403 τὸ
489 1336 542 1414 δλς
563 1332 629 1403 ὑπὸ
653 1338 722 1402 τῶν
743 1340 824 1420 ΑΓ,
847 1339 909 1402 ΓΒ
932 1342 1014 1403 ἴσον
1036 1337 1105 1405 ἐστὶ

87 1443 133 1530 τῷ
149 1446 230 1507 ΜΖ.
262 1439 436 1527 τετμήσθω
460 1438 480 1528 ἡ
504 1448 586 1509 ΜΗ
606 1446 682 1529 δίχα
703 1440 787 1507 κατὰ
810 1438 848 1508 τὸ
871 1447 921 1524 N,
943 1441 1002 1509 καλ
1024 1465 1101 1530 παρ

87 1545 230 1631 άλληλος
256 1544 352 1633 ἤχθω
375 1543 397 1632 ἡ
421 1548 486 1622 ΝΞ
507 1547 658 1634 [ἑκατέρᾳ
686 1549 755 1614 τῶν
778 1551 869 1630 ΜΛ,
891 1549 986 1630 ΗΖ].
1033 1546 1102 1617 ἑκά·

88 1677 185 1737 τερον
208 1651 275 1738 άρα
297 1657 366 1721 τῶν
384 1654 467 1739 ΜΞ,
492 1658 559 1719 ΝΖ
579 1660 655 1720 ἶσον
679 1652 748 1719 ἐστὶ
770 1662 816 1743 τῷ
839 1649 926 1733 ἅπαξ
949 1649 1017 1721 ὑπὸ
1035 1657 1106 1721 τῶν

37 1782 70 1830 15
89 1764 195 1826 ΑΓΒ.
231 1760 288 1825 καλ
310 1759 381 1826 ἐπεὶ
404 1761 440 1827 ἐκ
463 1757 526 1825 δύο
550 1756 726 1843 ὀνομάτων
749 1758 840 1826 ἐστὶν
861 1755 882 1841 ἡ
900 1764 968 1824 AB
988 1762 1108 1846 διῃρή-

88 1866 171 1951 μένη
195 1869 242 1946 εἰς
263 1865 304 1934 τὰ
329 1863 477 1951 ὀνόματα
499 1861 581 1931 κατὰ
603 1862 642 1931 τὸ
662 1869 700 1948 Γ,
724 1866 762 1930 αλ
778 1869 852 1949 ΑΓ,
872 1868 934 1931 ΓΒ
957 1861 1025 1951 ἄρα
1046 1867 1108 1952 (572—

88 1979 145 2038 ταί
169 1977 234 2040 εἰσι
262 1970 404 2056 δυνάμει
431 1970 537 2057 μόνον
566 1967 760 2056 σύμμετροι·
793 1967 833 2036 τὰ
856 1967 922 2054 ἄρα
944 1967 1011 2038 άιτὸ
1033 1974 1106 2039 τῶν

89 2084 164 2161 ΑΓ,
188 2085 248 2145 ΓΒ
272 2077 355 2164 ῥητά
380 2077 526 2144 ἐστικαὶ
549 2075 719 2164 σύμμετρα
742 2075 913 2161 ἀλλήλοις·
938 2075 1104 2145 ὥστεκαὶ

89 2181 127 2250 τὸ
150 2188 368 2268 συγκείμενον
391 2183 428 2250 ἐκ
450 2193 517 2251 τῶν
541 2180 605 2251 άπὸ
628 2187 696 2251 τῶν
715 2191 747 2250 A
753 2188 790 2269 Γ,
812 2188 876 2250 ΓΒ
898 2181 1107 2271 [σύμμετρόν

36 2310 70 2358 20
89 2289 158 2355 ἐστι
180 2300 250 2365 τοῖς
271 2285 338 2354 άπὸ
362 2290 431 2355 τῶν
453 2294 528 2372 ΑΓ,
552 2294 626 2356 ΓΒ·
655 2287 758 2374 ῥητὸν
781 2286 848 2372 ἄρα
871 2288 940 2356 ἐστὶ
962 2286 1001 2357 τὸ
1023 2307 1108 2375 συμ-

88 2399 242 2479 κείμενον
266 2394 392 2461 ἐκτῶν
416 2392 481 2463 άπὸ
503 2405 571 2463 τῶν
593 2401 674 2480 ΑΓ,
702 2399 788 2478 ΓΒ].
832 2399 892 2462 καί
912 2396 1004 2462 ἐστιν
1026 2401 1106 2463 ἴσον

88 2503 134 2589 τῷ
155 2506 237 2567 ΑΛ·
260 2499 363 2588 ῥητὸν
387 2499 452 2588 ἄρα
475 2501 544 2567 ἐστὶ
566 2499 604 2569 τὸ
625 2507 702 2568 ΔΛ.
729 2501 784 2567 καὶ
808 2498 898 2584 παρὰ
917 2498 1023 2586 ῥητήν
1040 2499 1107 2587 τήν

91 2614 124 2672 Δ
130 2613 163 2674 Ε
174 2605 379 2695 παράκειται·
403 2606 486 2692 ῥητή
509 2605 576 2694 ἄρα
599 2606 689 2674 ἐστὶν
712 2604 781 2692 ήΛ
787 2613 831 2673 Μ
843 2607 899 2673 καλ
918 2604 1108 2692 σύμμετρος

89 2717 128 2799 τῇ
154 2720 226 2780 ΔΕ
253 2711 357 2800 μήκει.
394 2712 510 2797 πάλιν,
543 2709 613 2781 ἐπεὶ
645 2716 683 2779 αἱ
707 2718 787 2797 ΑΓ,
818 2718 882 2780 ΓΒ
911 2713 1013 2800 ῥηταί
1036 2717 1104 2781 εἰσι

36 2839 72 2887 25
92 2817 235 2903 δυνάμει
256 2816 364 2903 μόνον
388 2817 579 2906 σύμμετροι,
603 2818 707 2904 μέσον
728 2816 794 2902 άρα
817 2819 887 2886 ἐστὶ
904 2816 943 2887 τὸ
963 2818 1016 2899 δὶς
1037 2815 1104 2887 ὑπὸ

89 2925 157 2991 τῶν
181 2929 256 3007 ΑΓ,
280 2928 351 3008 ΓΒ,
373 2923 522 2991 τουτέστι
544 2921 582 2991 τὸ
605 2930 686 2991 ΜΖ.
722 2923 779 2990 καὶ
801 2921 891 3010 ταρὰ
916 2925 1020 3012 ῥητὴν
1042 2925 1104 3011 τήν

90 3034 168 3096 ΜΛ
185 3029 391 3115 παράκειται·
420 3026 500 3116 βητὴ
525 3027 592 3116 ἄρα
614 3029 670 3095 καὶ
693 3025 714 3114 ἡ
734 3032 818 3098 ΜΗ
832 3030 900 3097 ἐστι
923 3031 979 3097 καλ
1000 3026 1105 3118 άσύμ·

163 3192 188 3242 5.
206 3187 258 3260 τῷ]
279 3204 346 3243 corr.
366 3204 400 3242 ex
419 3184 450 3241 τό
470 3187 593 3256 πολλ’.
661 3187 722 3258 ΑΒ]
742 3192 888 3243 Aecorr.
906 3187 938 3242 B.
1008 3193 1033 3243 9.
1052 3188 1103 3263 τῷ]

91 3274 161 3314 nort.
181 3275 215 3312 ex
233 3256 264 3312 τό
284 3276 319 3312 m.
341 3265 355 3312 1
375 3257 405 3312 F.
479 3264 520 3312 10.
539 3254 582 3326 τό]
601 3258 670 3311 mut.
688 3259 718 3312 in
736 3259 774 3330 τῷ
794 3276 831 3311 m.
853 3265 866 3312 1
886 3256 915 3313 F.
989 3259 1105 3331 ΔΘ]Θ

91 3345 196 3385 ecorr.
211 3328 244 3383 V.
299 3328 349 3402 τῷ]
369 3345 439 3383 corr.
459 3344 493 3382 ex
511 3326 543 3382 τό
557 3346 594 3382 m.
615 3335 629 3381 1
649 3328 680 3381 F.
736 3335 778 3385 11.
797 3325 859 3383 ἐστί
892 3329 1004 3384 nm.
1062 3334 1101 3383 12.

90 3397 225 3524 δίχα]Ρω.
244 3405 260 3455 2
280 3399 313 3454 V.
378 3405 419 3454 13.
438 3399 516 3470 ΝΞ]
537 3401 569 3453 Ν
585 3414 654 3453 eras.
672 3398 750 3468 Ἐζᾶ*
766 3399 793 3455 b.
869 3397 1101 3472 κατέρᾳ-ΗΖ]

91 3488 195 3526 om..
269 3477 310 3526 14.
330 3470 400 3524 Ροιλ
418 3465 474 3540 ἄρα
488 3469 542 3525 del.
561 3473 617 3523 τῶν
636 3472 696 3522 ΑΗ
712 3469 745 3523 V.
819 3473 851 3525 Ν
854 3471 888 3541 Ζ]
906 3487 976 3527 corr.
991 3486 1026 3526 ex
1044 3471 1105 3528 ΝΞ
