2378 3832
107 164 171 228 146
491 165 693 218 monum
712 159 739 220 ι’.

106 305 189 393 πρὸς
215 307 425 395 τετράγωνον
453 306 615 393 ἀριθμόν·
653 303 862 394 ἀσύμμετρος
891 302 956 393 άρα
983 306 1076 374 ἐστὶν
1103 304 1124 394 ἡ

106 420 137 480 Ε
157 416 197 502 τῇ
220 421 289 481 ΗΘ
311 413 414 500 μήκει.
452 413 507 480 καὶ
536 415 607 480 ἐττεί
633 415 723 481 ἐστιν
747 411 793 492 ὥς
818 411 836 480 ὁ
861 420 930 480 BA
952 410 1038 498 πρὸς
1058 411 1124 481 τὸν

105 525 185 604 ΑΓ,
214 517 319 600 οὕτως
346 519 383 587 τὸ
412 517 478 587 άιτὸ
506 523 564 606 τῆς
592 525 662 586 ΖΗ
686 515 769 607 πρὸς
796 517 834 586 τὸ
862 514 927 587 άτιὸ
955 522 1015 605 τῆς
1041 527 1123 606 ΗΘ,

105 632 216 714 μεῖζον
239 624 305 715 άρά
327 624 365 693 τὸ
390 622 457 693 άιτὸ
480 628 539 711 τῆς
563 630 635 691 ΖΗ
651 627 713 692 τοῦ
738 621 803 692 άττὸ
832 629 890 711 τῆς
913 631 990 692 ΗΘ.
1036 630 1122 694 ἔστω

69 725 168 806 ὸοάν
195 736 239 824 τῷ
268 730 332 799 άπὸ
361 735 419 817 τής
443 737 514 798 ΖΗ
532 739 588 797 ἴσα
615 729 655 798 τά
683 728 748 798 άπὸ
772 741 841 799 τῶν
865 738 948 816 ΗΘ,
971 730 1123 800 Κ·“οἰνα-

104 840 283 928 στρέφοντι
306 836 371 924 άριι
395 838 513 923 [ἐστὶν]
539 834 583 916 ὡς
606 834 624 904 ὁ
645 846 676 904 A
682 844 710 904 Β
731 836 815 920 πρὸς
837 835 897 906 τὸν
916 842 990 923 ΒΓ,
1014 836 1118 919 οὕτως

103 945 140 1013 τὸ
166 943 230 1013 άπὸ
254 949 312 1031 τῆς
336 951 406 1011 ΖΗ
425 941 508 1032 πρὸς
530 941 568 1011 τὸ
592 942 658 1012 άπὸ
682 948 740 1029 τῆς
762 950 802 1011 Κ.
849 940 866 1011 ὁ
891 943 929 1011 δὲ
952 951 1019 1013 ΑΒ
1036 945 1117 1030 πρὸς

102 1051 164 1121 τὸν
187 1057 252 1119 ΒΓ
272 1049 375 1136 λόγον
399 1055 480 1137 ἔχει,
504 1045 545 1117 ὃν
568 1048 776 1137 τετράγωνος
798 1046 946 1136 ἀριθμὸς
968 1049 1054 1140 πρὸς
1071 1077 1120 1120 τε·

103 1157 278 1247 τράμωνον
302 1153 464 1245 ἀριθμόν·
500 1157 555 1223 καὶ
578 1154 616 1223 τὸ
640 1154 705 1224 άπὸ
729 1159 787 1241 τής
806 1162 881 1223 ΖΗ
894 1154 959 1241 άροι
978 1155 1062 1246 πρὸς
1079 1156 1118 1226 τὸ

53 1286 85 1335 10
104 1262 169 1332 άπὸ
198 1268 257 1350 τῆς
280 1271 314 1330 Κ
335 1262 439 1349 λόγον
468 1267 547 1349 ἔχει,
572 1259 613 1330 ὃν
635 1263 843 1349 τετράγωνος
866 1260 1012 1350 άρνθμὸς
1035 1263 1120 1350 πρὸς

102 1370 313 1457 τετράγωνον
332 1369 494 1458 ἀριθμόν·
527 1368 712 1457 σύμμετρος
731 1367 796 1457 άρα
817 1369 934 1453 [ἐστὶν]
955 1367 976 1456 ή
997 1375 1072 1437 ΖΗ
1079 1375 1120 1460 τῇ

103 1483 138 1543 K
154 1478 258 1563 μήκει.
295 1473 316 1562 ἡ
335 1482 406 1543 ΖΗ
421 1474 486 1558 άρα
508 1479 566 1562 τῆς
589 1482 658 1543 ΗΘ
680 1481 793 1561 μεῖζον
816 1474 958 1543 δύναται
981 1486 1027 1568 τῷ
1053 1473 1120 1545 άπὸ

103 1583 292 1670 συμμέτρου
316 1583 425 1672 ἑαυτῇ.
460 1587 518 1649 καί
539 1585 625 1649 εἰσιν
649 1584 685 1647 αἱ
706 1588 783 1667 ΖΗ,
807 1589 875 1649 ΗΘ
894 1581 991 1669 ῥηταὶ
1014 1581 1121 1651 δυνά·

103 1715 156 1776 μει
178 1688 285 1776 μόνον
309 1688 501 1777 σύμμετροι,
526 1688 583 1755 καὶ
611 1685 771 1776 οὐδετέρα
794 1685 907 1756 αὐτῶν
929 1688 1122 1775 σύμμετρός

50 1817 84 1868 15
103 1799 172 1864 ἐστι
194 1800 233 1885 τῇ
258 1803 290 1862 E
309 1794 414 1883 μήκει.

163 1900 208 1969 Ἡ
238 1909 299 1969 ΖΘ
325 1900 390 1990 άρα
418 1904 454 1969 ἐκ
485 1898 548 1968 δύο
578 1898 753 1987 ὀνομάτων
781 1900 852 1969 ἐστὶ
883 1907 990 1988 τρίτη·
1035 1899 1121 1989 ὅπερ

102 2011 169 2075 ἔδει
194 2009 307 2088 δεῖξαι.

578 2111 639 2180 νά.

169 2232 314 2322 Εὑρεῖν
337 2235 409 2322 τὴν
433 2237 473 2303 ἐκ
496 2235 567 2304 δύο
595 2235 804 2322 ὀνομάτων
827 2237 1026 2323 τετάρτην.

48 2365 83 2414 20
166 2338 411 2409 Ἐκκείσθωσαν
435 2341 497 2409 δύο
521 2340 661 2429 ἀριθμοὶ
686 2344 721 2409 οἱ
741 2347 821 2428 ΑΓ,
849 2347 921 2426 ΓΒ,
946 2339 1029 2409 ὥστε
1056 2340 1120 2411 τὸν

100 2455 166 2515 ΑΒ
190 2446 272 2537 πρὸς
294 2447 355 2516 τὸν
375 2454 441 2515 ΒΓ
454 2447 558 2534 λόγον
582 2448 625 2534 μή
650 2453 737 2535 ἔχειν
760 2447 841 2534 μήτε
864 2445 931 2533 μὴν
953 2446 1038 2536 πρὸς
1058 2449 1121 2517 τὸν

101 2560 179 2640 ΑΓ,
212 2552 252 2623 ὃν
279 2554 487 2641 τετράγωνος
514 2551 660 2641 άριθμός
686 2553 769 2642 πρὸς
800 2553 1012 2642 τετράγωνον
1044 2554 1120 2641 άρι-

100 2660 205 2747 θμόν.
241 2661 297 2729 καὶ
320 2662 481 2730 ἐκκείσθω
509 2660 591 2748 ῥητή
615 2658 636 2748 ἡ
661 2669 709 2746 Δ,
732 2661 788 2727 καὶ
811 2664 851 2749 τῇ
875 2667 908 2726 Δ
927 2662 1118 2750 σύμμετρος

100 2771 182 2834 ἔστω
206 2767 301 2854 μήκει
324 2766 345 2854 ή
369 2775 444 2835 ΕΖ·
477 2765 559 2854 ῥητή
582 2767 648 2855 άριι
671 2767 741 2834 ἐστὶ
762 2767 818 2834 καὶ
836 2764 857 2852 ἡ
878 2773 950 2835 ΕΖ.
985 2766 1042 2833 καὶ
1061 2794 1117 2854 γε·

46 2895 80 2946 νο
99 2874 225 2959 γονέτω
253 2870 297 2952 ὡς
325 2871 343 2940 ὁ
372 2878 438 2940 ΒΑ
465 2870 609 2960 ἀριθμὸς
636 2870 719 2960 πρὸς
744 2864 811 2940 τὸνΙ
832 2877 912 2957 ΑΓ,
941 2869 1049 2951 οὕτως
1076 2900 1116 2942 το

99 2976 165 3047 άιιὸ
193 2989 251 3066 τῆς
274 2986 336 3046 ΕΖ
358 2980 441 3067 πρὸς
467 2980 505 3048 τὸ
535 2978 600 3047 άπὸ
628 2982 687 3065 τής
710 2985 791 3045 ZH·
829 2977 1019 3067 σύμμετρον
1048 2976 1116 3065 άρα

173 3162 195 3210 1.
217 3152 304 3228 ἐστίν]
323 3176 360 3214 m.
380 3163 396 3211 2
415 3159 446 3225 F,
465 3175 519 3214 om.
539 3158 570 3213 B.
639 3163 663 3212 3.
683 3152 729 3242 τό]
748 3155 820 3226 (alt.)
839 3172 893 3211 om.
913 3154 940 3209 b.
1004 3161 1029 3208 4.
1049 3156 1100 3223 τῆς

99 3227 170 3295 (τλά)
190 3243 243 3282 om.
263 3229 290 3283 b.
363 3234 387 3283 6.
408 3224 495 3371 ἐστίιή
515 3246 568 3284 om.
587 3229 618 3283 P.
687 3226 749 3296 τον]
769 3242 822 3280 om.
840 3227 894 3280 Fb.
962 3229 1003 3280 11.
1024 3155 1114 3297 ἐστίν]

100 3312 154 3355 om.
172 3296 286 3354 BFVb.
360 3305 401 3355 12.
420 3296 477 3370 ἄρα
518 3319 555 3355 m.
575 3305 591 3353 2
610 3299 643 3355 V.
716 3295 855 3368 δύναται]
879 3316 940 3352 -νοι-
959 3295 990 3350 in
1008 3313 1062 3352 ras.
1081 3295 1113 3351 P.

136 3373 176 3426 13.
197 3364 375 3440 άονμμέτρον
388 3370 419 3438 F,
439 3386 508 3425 corr.
523 3389 560 3424 m.
574 3387 641 3435 τεο,
661 3364 694 3423 ά·
710 3384 859 3440 suprascr.
875 3368 896 3422 F
911 3386 948 3423 m.
964 3372 988 3421 2.
1053 3368 1114 3421 ΗΘ

98 3434 164 3526 oe'poe'
173 3440 206 3495 V.
281 3445 322 3496 1ο.
342 3435 416 3496 ἐστιν
435 3441 466 3496 Β.
530 3443 563 3510 τῇ
584 3445 609 3494 Ε
628 3437 703 3496 ἐστιν
721 3441 751 3494 F.
822 3445 863 3494 16.
882 3437 973 3563 τρίτηὲ
993 3454 1061 3493 corr.
1077 3453 1112 3492 ex

66 3504 160 3612 νήτῃ
181 3529 219 3567 m.
239 3528 296 3568 rec.
319 3513 351 3582 ος
380 3507 453 3586 ῥητή
476 3512 511 3583 F,
535 3529 593 3583 mg.
612 3532 655 3582 γρ.
672 3511 752 3581 τρίτη
771 3529 812 3564 m.
827 3526 886 3564 τεο.
972 3528 1026 3576 περ
1051 3505 1109 3563 ἔδει
