2378 3832
108 158 151 223 48
492 158 695 211 ΣΤΟΙΧΕῙΩΝ
713 154 741 213 ι’.

109 309 184 368 ἴσον
205 299 274 368 ἐστὶ
296 324 342 390 τῳ
370 297 436 367 ὑπὸ
463 302 533 367 τών
560 300 597 368 ἐκ
625 302 684 385 τῆς
711 304 905 389 παραβολής
931 301 1128 387 γενομένων

108 404 287 492 τμημάτων
310 408 371 493 τῆς
394 403 537 486 εὐθείας.

175 510 275 600 Παρὰ
299 511 365 598 γάρ
388 508 527 581 εὐθεῖαν
545 509 608 598 τήν
627 518 692 579 AB
710 510 981 640 παραβεβλήσθω
1000 519 1128 600 παραλ-

109 617 396 706 λήλόγραμμον
363 646 401 687 το
417 628 449 686 Α
454 627 488 686 Δ
501 621 653 686 ἐλλεῖπον
668 625 697 685 εἰ
686 622 750 686 ἴδει
763 616 961 709 τετραγώνῳ
980 622 1027 710 τῳ
1044 627 1079 685 Δ
1084 627 1128 686 Β

40 786 45 793 .
74 723 249 811 σλέγω,“
230 751 282 794 οτι
305 734 381 793 ἴσον
401 724 524 793 ἐστὶ
491 750 530 792 το
554 732 626 791 ΑΔ
648 721 734 815 τῷ
716 722 783 792 υπὸ
807 727 875 792 τών
899 729 974 809 ΑΓ,
998 730 1070 792 ΓΒ.

176 837 250 899 Καί
269 833 360 900 ἐστιν
380 828 528 898 αὐτόθεν
547 829 711 919 φανερόν·
736 830 805 899 ἐπεὶ
824 829 890 918 γάρ
912 828 1128 916 τετράγωνόν

110 939 179 1005 ἐστι
197 935 235 1004 τὸ
256 943 334 1022 ΔΒ,
358 943 414 1021 ἴση
434 936 525 1004 ἐστὶν
543 934 565 1023 ή
585 942 655 1004 ΔΓ
668 945 708 1025 τῇ
728 941 801 1022 ΓΒ,
824 941 883 1003 καί
903 938 973 1004 ἐστι
996 939 1034 1003 τὸ
1053 944 1128 1004 ΑΔ

107 1041 146 1110 τὸ
174 1039 240 1110 ὑπὸ
263 1044 332 1109 τών
356 1047 431 1127 ΑΓ,
450 1047 534 1127 ΓΔ,
557 1044 708 1111 τουτέστι
726 1041 764 1111 τδ
782 1041 848 1110 ὑπὸ
868 1046 936 1111 τών
960 1047 1035 1125 ΑΓ,
1054 1047 1128 1111 ΓΒ.

173 1144 252 1214 Ἐάν
276 1145 343 1234 άρα
365 1147 456 1235 παρά
479 1174 556 1215 τινα
579 1145 729 1234 εὐθεῖαν,
752 1146 871 1215 καὶτὰ
896 1149 977 1234 ἑξῆς.

58 1383 90 1432 10
593 1362 641 1441 ιζ.

173 1479 262 1549 Ἐάν
280 1474 352 1551 ώσι
371 1482 443 1551 δύο
464 1482 623 1552 εὐθεῖαι
642 1483 794 1570 άνισοι,
813 1485 863 1576 τῳ
888 1482 930 1551 δὲ
952 1482 1128 1577 τετάρτῳ

108 1589 217 1675 μέρει
245 1591 316 1657 τοῦ
348 1586 423 1657 άπὸ
455 1594 523 1677 τής
553 1589 772 1670 ἐλάσσονος
802 1599 893 1658 ἴσον
923 1589 1026 1676 παρὰ
1053 1590 1128 1678 τήν

109 1701 270 1783 μείζονα
292 1701 532 1787 παραβληθή
557 1700 741 1766 ἐλλεῖπον
765 1702 866 1766 εἴδει
888 1694 1128 1789 τετραγώνῳ

108 1804 172 1869 καλ
192 1808 247 1884 εἰς
266 1804 468 1892 σύμμετρα
487 1801 611 1891 αὐτὴν
631 1807 768 1893 διαιρή
788 1803 920 1891 μήκει,
940 1800 961 1889 ἡ
981 1809 1129 1888 μείζων

58 1931 90 1981 15
109 1919 177 1995 τῆς
200 1909 419 1990 ἐλάσσονος
446 1917 582 1997 μεῖζον
611 1909 826 1996 δυνήσεται
849 1918 899 1999 τῳ
928 1904 1002 1973 άπὸ
1028 1929 1127 1998 συμ-

109 2014 255 2099 μέτρου
286 2016 404 2104 ἕαυτή
429 2015 594 2103 [μήκει.].
639 2016 705 2082 ιιαλ
735 2013 805 2081 έάν
835 2013 856 2098 ἡ
885 2017 1027 2098 μείζων
1057 2028 1129 2104 τῆς

109 2119 328 2201 ἐλάσσονος
355 2127 492 2209 μεῖζον
520 2121 688 2206 δύνηται
714 2129 764 2211 τῷ
794 2115 866 2186 άπδ
897 2121 1128 2208 συμμέτρου

110 2221 412 2315 ἕαυτή’[μήιιει],
430 2237 480 2319 τῳ
496 2226 539 2294 δέ
557 2225 727 2317 τετάρτῳ
745 2235 816 2293 τοῦ
835 2223 909 2293 άπδ
928 2236 995 2312 τῆς
1015 2226 1128 2296 ἐλάσ-

109 2350 228 2412 σονος
246 2340 336 2400 ἴσον
354 2331 457 2420 παρδι
475 2331 547 2418 τὴν
567 2336 729 2417 μείζονα
743 2336 985 2421 παραβληθῇ
1000 2335 1127 2401 ἐλλεῖ-

55 2461 182 2513 οοπον
220 2442 322 2507 εἴδει
362 2436 615 2530 τετραγώνῳ,
661 2442 718 2519 εἰς
754 2438 958 2526 σύμμετρα
999 2437 1125 2526 αὐτὴν

109 2550 261 2633 διαιρεῖ
282 2544 404 2633 μήκει.

165 2650 341 2720 Ἔστωσαν
361 2651 424 2720 δύο
445 2648 576 2719 εὐθεῖαι
596 2649 708 2719 άνισοι
726 2653 764 2718 αἰ
780 2660 822 2736 Α,
842 2656 913 2738 ΒΓ,
935 2641 984 2718 ών
1003 2656 1125 2738 μείζων

107 2753 129 2843 ή
153 2761 230 2843 ΒΓ,
257 2761 303 2850 τῷ
331 2757 369 2826 δὲ
396 2757 539 2850 ’τετάρτῳ
568 2759 660 2846 μέρει
687 2762 749 2826 τοῦ
772 2754 837 2826 άπδ
860 2760 919 2843 τῆς
942 2757 1126 2838 ἐλάσσονος

107 2866 166 2950 τῆς
190 2872 238 2948 Α,
267 2865 417 2932 τουτέστι
446 2875 491 2957 τῳ
522 2862 587 2933 άπὸ
615 2868 674 2951 τῆς
700 2861 854 2950 ἡμισείας
881 2872 940 2949 τής
970 2872 1016 2948 Α,
1048 2872 1125 2933 λ’σον

56 2992 90 3042 25
109 2967 199 3055 παρά
213 2968 275 3055 τήν
290 2976 355 3037 ΒΓ
369 2970 638 3059 παραβεβλήσθω
656 2973 809 3039 ἐλλεῖπον
824 2973 905 3037 εἴδει
918 2969 1125 3062 τετραγώνῳ,

111 3099 325 3107 Q*—

180 3153 205 3202 3.
223 3143 255 3202 τδ
275 3152 330 3202 ΑΔ
346 3143 637 3234 παραλληλόγραμμον
651 3147 749 3203 Theon
764 3145 887 3231 (BFVb,
905 3147 972 3201 ante
986 3150 1040 3198 ΑΔ
1055 3162 1123 3201 eras.

109 3221 165 3272 ΓΔ
182 3218 230 3288 F).
289 3224 314 3275 4.
334 3217 513 3291 τετραγώνῳ]
533 3235 603 3275 corr.
622 3235 657 3273 ex
674 3213 952 3303 παραλληλογράμμῳ
970 3236 1007 3270 m.
1022 3233 1077 3272 rec.
1096 3218 1123 3271 b.

145 3240 1125 3364 afflssan.5401chss192]161‹*.A1“]00rr.ex

110 3362 215 3415 ΓΔΗ]
237 3360 298 3416 1b.
372 3362 603 3433 ΓΒ]Γοοοιϊ
623 3362 656 3416 V
731 3365 754 3414 7
775 3356 850 3414 ἐστιν
869 3357 928 3413 LB
988 3357 1052 3428 ΓΒ]
1072 3362 1128 3412 ΒΓ

106 3428 169 3487 BV.
221 3429 397 3489 ἐστινΙιΡΒ.
448 3439 473 3489 8.
495 3432 644 3503 ΓΔ]ΔΡ,
659 3431 838 3486 necomv.
888 3426 1122 3501 τουτέστι-ΓΒ]

43 3534 46 3539 -
96 3514 135 3553 m.
154 3507 178 3554 Β
199 3502 226 3558 V,
307 3503 454 3560 τουτέστιν
473 3503 591 3559 LPBV.
668 3509 693 3558 9.
717 3502 785 3557 Post
803 3497 926 3556 εὐθεῖαν
949 3500 1013 3556 add
1033 3519 1124 3571 παρα-
