2378 3832
349 166 622 218 nnnrmnroaun
639 168 748 219 amna
765 170 798 221 x.
1013 167 1078 233 287

62 307 290 393 prehenditur,
322 312 412 372 recta
444 309 552 392 spatio
585 310 731 394 aequalis
764 311 922 394 quadrata
955 313 1079 378 mediae

64 417 218 500 apotome
243 417 294 478 est
317 414 465 478 secunda.

133 517 281 605 Spatium
305 520 391 583 enim
409 523 475 585 AB
498 524 589 585 recta
610 521 764 586 rationali
785 524 854 586 AF
875 525 908 586 ct
927 528 1079 607 apotome

64 626 165 690 tertia
189 629 259 690 ΑΔ
282 625 582 709 comprehendatur.
629 626 715 706 dioc,
738 631 861 692 rectam
883 628 990 711 spatio
1014 635 1079 694 AB

62 731 232 817 aequalem
255 731 446 815 quadratam
469 732 593 796 mediae
613 736 787 817 apotomen
807 755 877 799 csse
897 735 1079 800 secundam.

131 860 208 901 nam
235 840 312 903 ΔΗ
329 841 437 902 rectae
461 843 532 902 ΑΔ
559 859 741 923 congruens
770 841 822 904 sit.
867 841 977 924 itaque
1001 844 1077 924 AH,

61 947 102 1009 H
103 949 137 1008 Δ
157 943 336 1009 rationales
356 948 431 1009 sunt
449 947 598 1029 potentia
616 949 745 1010 tantum
764 947 1079 1030 commensurabiles,

88 1088 111 1137 A
270 1085 295 1134 Δ
363 1085 388 1135 Ε
426 1087 446 1135 Z
485 1124 515 1173 H
546 1055 578 1115 ct
596 1056 710 1117 neutra
728 1056 889 1118 rectarum
908 1056 988 1136 AH,
1006 1057 1079 1117 HA

359 1187 360 1191 ¹
429 1155 433 1365 Ι
545 1159 700 1223 rationali
719 1159 906 1243 propositae
926 1162 994 1223 ΑΓ
1009 1159 1077 1223 lon-

376 1163 379 1356 t
547 1264 692 1349 gitudine
707 1264 1008 1329 commensurabilis
1019 1269 1079 1347 est,

69 1334 97 1385 Γ
267 1373 289 1420 Β
362 1368 386 1421 Θ
423 1373 440 1420 1
484 1335 512 1386 Κ
546 1374 617 1436 tota
632 1374 739 1435 autem
757 1374 832 1434 AH
845 1374 1078 1455 congruentem

545 1481 623 1541 ΔΗ
641 1476 765 1567 excedit
788 1477 946 1560 quadrato
970 1480 1078 1541 rectae

544 1583 608 1647 sibi
645 1582 948 1647 commensurabilis
987 1581 1077 1662 [deff.

543 1692 617 1754 tert.
632 1689 676 1769 3].
705 1688 859 1771 quoniam
873 1686 976 1771 igitur
989 1691 1021 1750 A
1026 1689 1062 1750 H
1066 1685 1079 1722 2

545 1793 669 1858 excedit
684 1789 773 1856 ΔΗ’Ι
792 1792 951 1877 quadrato
970 1796 1077 1856 rectae
1119 1809 1122 1815 ’

545 1895 1078 1981 sibicommensurabilis,si[AH²

316 1975 342 2024 T
407 2001 441 2054 Μ
545 2006 679 2088 aequale
694 2009 801 2070 rectae
815 2007 886 2068 AH
897 2003 1079 2085 adplicatur

61 2117 206 2198 spatium
233 2115 338 2200 figura
361 2114 519 2198 quadrata
542 2111 706 2194 deficiens,
728 2110 762 2174 in
785 2114 894 2195 partes
918 2131 1078 2175 commen·

64 2220 226 2285 surabiles
251 2242 322 2285 eam
347 2218 470 2284 diuidet
500 2221 607 2302 [prop.
631 2216 756 2297 XVIH.
801 2216 867 2281 iam
892 2220 968 2280 AH
991 2217 1025 2280 in
1048 2220 1080 2281 E

62 2324 99 2389 in
131 2325 211 2390 duas
239 2329 350 2410 partes
379 2325 529 2409 aequales
563 2328 701 2407 secetur,
735 2326 768 2389 et
800 2323 958 2407 quadrato
991 2320 1077 2387 ΕΗ8

64 2433 201 2516 aequale
219 2437 326 2498 rectae
345 2437 422 2497 ΑΗ
436 2430 616 2516 adplicetur
634 2431 777 2514 spatium
795 2431 900 2514 figura
919 2429 1078 2514 quadrata

61 2538 228 2621 deficiens,
256 2542 291 2603 et
312 2538 355 2603 sit
377 2542 442 2602 ΑΖ
459 2552 501 2605 ><
516 2541 592 2604 ΖΗ.
637 2540 670 2601 et
691 2559 750 2621 per
771 2540 893 2621 puncta
917 2539 956 2616 E,
981 2538 1019 2615 Z,
1043 2536 1083 2597 H

60 2648 169 2710 rectae
193 2647 262 2709 ΑΓ
279 2644 458 2729 parallelae
484 2643 643 2708 ducantur
666 2647 738 2724 ΕΘ,
763 2645 826 2723 ΖΙ,
850 2643 931 2705 ΗΚ.
965 2639 1076 2722 itaqua

61 2755 137 2832 ΑΖ,
158 2753 230 2814 ΖΗ
248 2750 555 2815 commensurabiles
575 2753 659 2814 sunt.
696 2769 795 2832 quare
819 2750 886 2829 ΑΙ,
906 2749 974 2808 ΖΚ
991 2767 1076 2810 com·

61 2856 294 2920 mensurabilia
314 2859 390 2920 sunt
409 2853 531 2938 [V1,1;
555 2876 646 2938 prop.
659 2852 731 2933 ΧΠ.
773 2856 805 2916 et
823 2850 975 2936 quoniam
1000 2855 1076 2936 ΑΖ,

62 2964 135 3024 ΖΗ
167 2960 371 3045 longitudine
408 2959 712 3025 commensurabiles
751 2961 838 3041 sunt,
875 2958 973 3023 etiam
1006 2961 1083 3023 ΑΗ
1158 3035 1160 3039 Ι

61 3066 189 3151 utrique
203 3073 235 3131 A
241 3071 276 3151 Z,
288 3070 359 3130 ZH
371 3066 574 3151 longitudine
590 3064 889 3130 commensurabilis
904 3068 954 3129 est
971 3068 1076 3149 [prop.

61 3171 149 3254 XV].
195 3194 309 3238 uerum
332 3177 404 3237 ΑΗ
429 3171 599 3236 rationalis
628 3177 678 3236 est
701 3175 734 3235 et
757 3173 863 3235 rectae
886 3173 956 3234 AF
974 3170 1077 3255 longi-

60 3279 175 3343 tudine
188 3277 532 3381 incommensurabilis
563 3299 661 3361 quare
676 3276 774 3342 etiam
794 3281 869 3360 ΑΖ,
885 3280 957 3340 ΖΗ
972 3279 1076 3361 [prop.

60 3383 225 3465 XIII].i
213 3388 323 3469 rtaque
346 3388 382 3449 ut
383 3406 518 3469 rumque
542 3387 613 3465 ΑΙ,
637 3388 704 3449 ΖΚ
729 3383 869 3448 medium
893 3386 943 3446 est
967 3385 1071 3466 [prop.

59 3489 147 3570 XX].
194 3511 304 3555 rursus
328 3489 481 3574 quoniam
505 3493 584 3578 ΑΕ,
608 3492 677 3556 ΕΗ
695 3489 913 3576 longitudine
928 3503 1097 3548 commem
