2378 3832
305 102 311 111 Ι
372 159 646 212 murmurosum
664 160 773 211 urens
790 163 823 213 x.
1039 158 1104 223 173

547 300 650 367 LVII.

155 405 190 470 Si
213 407 359 491 spatium
381 413 470 474 recte
492 408 646 473 rationali
670 413 703 474 et
725 413 814 474 recta
837 431 875 473 ex
900 409 1025 474 duobus
1047 432 1104 475 no-

85 512 232 577 minibus
257 517 376 596 quarta
399 514 693 598 comprehenditur,
715 519 806 580 recta
829 516 936 598 spatio
960 517 1103 600 aequalis

84 618 249 704 quadrata
272 619 475 685 irrationalis
498 624 549 686 est
572 622 684 704 maior,
707 643 790 706 quae
813 626 956 687 uocatur.

154 723 307 808 Spatium
336 726 423 790 enim
449 728 518 790 ΑΓ
543 726 696 791 rationali
723 730 789 791 AB
813 728 1104 811 comprehendatur

86 835 121 896 et
148 835 220 895 ΑΛ
248 835 338 896 recta
365 854 404 896 ex
432 832 557 896 duobus
589 833 778 898 nominibus
806 837 925 918 quarta
951 834 985 898 in
1013 839 1044 898 E
1071 836 1103 898 in

82 939 222 1004 nomina
247 937 365 1022 diuisa,
389 959 527 1021 quorum
551 939 655 1002 maius
679 939 723 1002 sit
745 943 820 1003 ΑΕ.
867 939 954 1024 dico,
981 945 1103 1005 rectam

84 1045 196 1128 spatio
235 1047 309 1109 ΑΓ
342 1044 511 1128 aequalem
548 1045 740 1128 quadratam
776 1045 995 1111 irrationalem
1034 1068 1104 1111 esse

83 1151 256 1233 maiorem,
280 1170 363 1233 quae
386 1154 531 1215 uocatur.

154 1278 233 1320 narn
248 1255 402 1339 quoniam
420 1260 491 1319 ΑΔ
510 1252 692 1320 ex''du0bus
711 1258 897 1322 nominibus
916 1262 1032 1342 quarta
1047 1262 1105 1341 est,

84 1366 170 1445 ΑΕ,
194 1366 264 1425 ΕΛ
286 1361 462 1426 rationales
486 1367 562 1426 sunt
584 1384 626 1446 po
628 1363 731 1427 tentia
754 1367 882 1428 tantum
905 1386 1104 1429 commensu-

113 1507 137 1554 A
297 1502 328 1552 Η
347 1501 372 1552 Γ,
418 1502 438 1551 Z
512 1469 701 1588 arabiles,
723 1473 755 1534 et
741 1468 856 1535 ιΑΕ2
875 1471 1000 1536 excedit
1018 1471 1104 1536 ΕΛ2

512 1541 731 1658 ‘'quadr-aro
759 1581 865 1642 rectae
894 1578 992 1641 sibi
983 1599 1104 1642 incom-

104 1572 510 1802 1i-----
308 1579 312 1773 Ι
357 1579 361 1774 i
512 1684 816 1802 Pmensurabilis,
856 1688 888 1747 et
923 1687 1007 1766 ΑΕ,
1040 1687 1105 1747 ΑΒ

136 1775 510 1838 Θ
348 1790 375 1839 Κ
414 1795 439 1840 Λ
512 1752 678 1874 Plongit
664 1790 774 1854 tudine
798 1788 1104 1855 commensurabiles

572 1901 647 1959 sunt
680 1897 771 1976 [deff.
798 1896 854 1959 alt.
880 1896 930 1974 4].
981 1898 1106 1959 secetur

168 2072 204 2122 M
367 1981 370 2088 i
430 1942 459 2096 13
572 2002 691 2065 ΔΕ
681 2024 716 2066 1n
749 2007 776 2067 Z
812 2002 847 2065 in
879 2002 957 2065 duas
994 2004 1104 2085 partes

332 2101 364 2152 Ν
430 2093 454 2131 ‘⁴
573 2112 735 2192 aequales,
771 2111 803 2172 et
836 2107 991 2192 quadrato
1024 2105 1105 2172 ΕΖἓ

573 2217 705 2299 aequale
744 2219 851 2279 rectae
893 2218 964 2278 ΑΕ
1004 2214 1105 2299 adpli-

572 2327 662 2387 cetur
685 2321 1028 2404 parallelogrammum

205 2398 429 2406 ——.-.--—

188 2408 217 2458 Σ
351 2411 376 2464 0
730 2431 803 2492 ΑΗ
815 2443 858 2495 ><
872 2430 948 2492 ΗΕ.

85 2532 200 2616 itaque
228 2537 316 2615 AH,
335 2537 407 2598 ΗΕ
431 2534 635 2619 longitudine
662 2532 1005 2599 incommensurabiles
1029 2537 1105 2595 sunt

88 2639 202 2721 [prop.
212 2636 356 2720 XVIII}
377 2643 486 2705 rectae
496 2644 561 2704 AB
576 2641 750 2724 parallelae
765 2640 922 2704 ducantur
935 2640 1013 2720 ΗΘ,
1026 2639 1104 2719 ΕΚ,

45 2804 48 2809 .
90 2746 165 2826 ΖΛ,
190 2748 225 2808 et
247 2744 375 2828 reliqua
393 2745 506 2810 eodem
526 2746 630 2831 modo,
654 2769 717 2830 quo
737 2748 833 2810 antea
853 2744 1104 2827 [p.166‚1sq.],

90 2848 179 2913 fiant.
193 2847 403 2915 manifestum
412 2851 514 2937 igitur
524 2856 581 2935 est,
591 2873 661 2916 esse
670 2849 881 2925 Me⁴2=An
899 2851 965 2915 iam
976 2851 1105 2915 demon-

97 2953 271 3037 strandum,
285 2958 330 3019 M
328 2955 359 3030 Ξ
370 2956 593 3022 irrationalem
608 2979 678 3021 esse
688 2958 856 3041 maiorem,
870 2979 952 3040 quae
961 2960 1105 3022 uocatur.

97 3061 246 3144 quoniam
261 3064 343 3145 AH,
359 3066 432 3126 ΕΗ
445 3063 648 3149 longitudine
662 3063 1001 3130 incommensurabiles
1021 3067 1105 3146 sunt,

92 3167 191 3231 etiam
214 3171 292 3250 Ao,
310 3170 394 3250 ΗΚ,
415 3170 477 3235 hoc
492 3173 541 3235 est
559 3174 641 3252 ΣΝ,
660 3173 744 3252 ΝΠ,
767 3168 1106 3235 incommensurabilia

93 3280 168 3337 sunt
201 3272 278 3355 ΠΗ,
302 3275 337 3356 13
369 3295 461 3358 prop.
484 3273 617 3355 Xl].i
605 3280 715 3358 rtaque
749 3278 841 3358 MN,
864 3273 934 3346 ΝΞ
958 3273 1106 3358 potentia

93 3377 436 3445 incommensurabiles
461 3384 545 3445 sunt.
591 3387 624 3445 et
642 3380 795 3465 quoniam
817 3383 895 3462 ΑΕ,
913 3382 978 3443 ΑΒ
1001 3374 1105 3463 longi·

95 3484 210 3550 tudine·
224 3485 530 3552 commensurabiles
549 3490 635 3574 sunt,
660 3490 731 3555 ΑΚ
749 3485 916 3555 rationale
938 3487 992 3549 est
1005 3485 1124 3565 iprum.
