2332 3840
467 180 658 232 APPENDIX.

378 446 430 511 Ad
453 446 524 510 libr.
541 341 593 508 ξ
601 445 671 510 deff.
696 446 752 510 alt.

122 569 210 637 Oum
242 571 345 656 igitur
372 573 480 635 rectae
509 570 557 633 ita
586 568 737 633 inuentae
766 590 821 633 sex
850 569 927 649 sint,
960 569 1072 634 ordine

42 679 182 766 primas
201 680 268 741 tres
286 677 389 761 ponit,
412 676 448 740 in
471 675 588 760 quibus
612 676 715 739 maior
738 675 897 759 quadrata
915 676 1072 741 minorem

46 785 185 852 excedit
204 783 360 867 quadrato
379 785 488 848 rectae
505 782 567 847 sibi
581 783 892 862 commensurabilis,
917 781 1072 847 secundas

52 894 170 958 autem
195 888 306 954 ordine
329 893 395 954 tres
420 889 571 973 reliquas,
594 888 629 956 in
652 889 768 973 quibus
788 889 946 973 quadrato
965 892 1072 953 rectae

52 997 121 1063 sibi
150 995 485 1060 incommensurabilis
514 993 651 1074 excedit,
680 994 757 1077 quia
782 993 1072 1060 commensurabile

53 1100 221 1169 antecedit
247 1099 587 1183 incommensurabile3
616 1104 649 1164 et
671 1102 838 1182 praeterea
861 1101 1014 1185 primam,
1038 1101 1072 1164 in

50 1229 123 1294 'qua
159 1207 263 1271 maius
299 1226 418 1270 nomen
459 1204 612 1268 rationali
648 1205 835 1289 propositae
872 1227 1072 1270 commensu-

54 1313 162 1379 rabile
180 1316 239 1397 est,
260 1312 432 1378 secundam
452 1313 569 1393 autem,
592 1311 627 1373 in
645 1332 709 1393 qua
727 1311 844 1395 minus,
867 1312 943 1395 quia
960 1334 1071 1377 rursus

56 1419 163 1484 maius
200 1418 361 1482 antecedit
398 1417 520 1500 minus,
556 1416 632 1500 quia
672 1417 779 1481 minus
816 1418 1071 1501 comprehendit3

55 1525 189 1590 tertiam
216 1527 338 1603 autem,
365 1524 399 1586 in
423 1544 486 1606 qua
507 1525 658 1587 neutrum
681 1544 800 1589 nomen
823 1525 975 1590 rationali
997 1548 1072 1608 pro-

55 1631 185 1717 positae
209 1627 496 1695 commensurabile
525 1630 582 1692 est.
624 1629 714 1692 etin
737 1629 944 1712 sequentibus
967 1630 1072 1694 tribus

57 1736 217 1820 similiter,
239 1736 378 1820 primam
393 1733 550 1798 secundae
564 1734 688 1818 classis,
712 1754 807 1816 quam
822 1734 1073 1819 nominauimus,

58 1845 208 1927 quartam
230 1863 361 1924 uocans,
385 1840 559 1905 secundam
583 1840 738 1924 quintam,
761 1840 892 1904 tertiam
916 1845 1050 1905 sextam.

371 2192 423 2256 Ad
446 2193 517 2257 libr.
540 2088 683 2277 diaprop
707 2192 759 2256 90.

121 2318 214 2384 Licet
237 2322 346 2383 autem
369 2317 501 2381 breuius
525 2338 648 2400 quoque
671 2316 892 2382 inuentionem
917 2341 972 2383 sex
995 2340 1071 2402 apo·

58 2430 235 2507 tamarum,
259 2446 339 2509 quas
362 2424 518 2507 diximus,
546 2423 777 2489 demonstrare.
824 2424 867 2489 sit
890 2426 975 2489 enim
997 2447 1071 2509 pro-

76 2578 292 2618 ,,,,,,,,-,,
327 2530 472 2614 positum
494 2529 634 2613 primam
657 2531 812 2596 inuenire.
848 2533 989 2613 ponatur
1007 2532 1077 2594 ΑΓ

57 2624 80 2672 A
110 2619 137 2668 A
200 2619 221 2668 B
277 2618 303 2667 Γ
328 2640 418 2702 recta
437 2659 476 2701 ex
495 2636 620 2702 duobus
639 2637 824 2702 nominibus
843 2636 958 2720 prima,
982 2636 1071 2701 cuius

58 2743 165 2808 maius
187 2764 305 2808 nomen
329 2743 372 2809 sit
396 2747 475 2826 AB,
500 2751 532 2808 et
553 2746 695 2827 ponatur
719 2745 921 2809 BA=BE
963 2744 1072 2827 itaque

59 2852 133 2933 AB,
156 2852 232 2934 ΒΓ,
259 2849 321 2914 hoc
345 2853 394 2913 est
417 2853 493 2933 AB,
517 2853 598 2933 BA,
625 2848 803 2913 rationales
827 2853 903 2914 sunt
925 2849 1073 2933 potentia

57 2958 186 3020 tantum
223 2956 531 3020 commensurabiles
571 2958 679 3040 [prop.
701 2955 879 3042 XXXVH,
921 2960 953 3021 et
989 2952 1072 3020 AB²

57 3061 183 3127 excedit
206 3057 293 3145 w,
317 3061 380 3126 hoc
403 3066 453 3127 est
475 3060 566 3145 affl,
591 3062 749 3146 quadrato
773 3067 879 3129 rectae
903 3064 966 3128 sibi
990 3085 1072 3128 com-

56 3168 301 3251 mensurabilia,
330 3172 362 3232 et
385 3173 450 3233 AB
478 3169 633 3233 rationali
659 3170 850 3254 propositae
874 3192 1073 3236 commensu-

859 3313 1072 3325 ⁴,.‚-—-——----—--

95 3383 137 3464 10,
157 3372 215 3431 ἐστι
234 3375 391 3448 σύμμετρον
409 3377 491 3432 Bab.
549 3383 607 3466 Ρ111.
628 3371 693 3500 md
712 3393 781 3433 corr.
802 3395 837 3432 ex
855 3374 921 3433 ἐπεί
937 3377 970 3433 V.
1030 3382 1071 3430 14.

55 3467 96 3520 qa
133 3446 219 3503 BVb.
311 3444 385 3502 ἔστιν
408 3447 440 3503 B.
531 3465 646 3517 ευρησιν
697 3447 741 3503 V?
832 3453 874 3504 15.
900 3447 942 3519 ἓξ]
967 3464 1019 3501 om.
1044 3447 1072 3502 b.

95 3524 136 3574 16.
157 3514 188 3590 ἡ]
208 3519 304 3588 (prius)
324 3535 377 3574 orn.
397 3519 460 3574 PV.
533 3524 575 3576 17.
595 3513 735 3574 ἐκκείσθω
754 3520 790 3575 V.
863 3523 908 3571 18.
926 3517 995 3572 staca
1015 3518 1051 3569 R.

107 3615 260 3669 Euclides,
279 3616 331 3659 edd.
344 3617 451 3673 Helberg
466 3621 491 3663 et
502 3619 598 3675 Mense.
623 3620 674 3663 'ffl-
897 3609 941 3656 a&
