2332 3840
524 68 715 121 APPENDIX.

108 219 188 281 NA.
238 208 321 279 ὅλον
349 208 415 297 ἄρα
442 211 481 276 τὸ
511 215 578 276 ΔΒ
606 207 720 294 μεῖζόν
748 210 820 276 ἐστι
847 210 908 277 τοῦ
933 211 999 285 ΞΛ.
1037 216 1085 275 som

110 318 148 386 δὲ
175 318 213 386 τὸ
242 324 312 384 ΔΑ
343 318 389 406 τῷ
418 321 497 381 ΛΚ.
548 310 629 382 ὅλον
658 311 725 401 ἄρα
752 311 791 382 τὸ
821 317 888 382 BA
919 313 1022 402 μεῖζόν
1044 317 1092 383 ἐστι

108 428 172 492 τοῦ
191 427 265 499 ΞΚ.
311 418 396 490 ἀλλὰ
424 423 485 488 τοῦ
507 426 575 487 BA
598 418 710 506 μεῖζόν
735 422 805 488 ἐστι
834 417 872 488 τὸ
895 425 978 488 ΜΖ·
1009 424 1097 511 πολλῷ

111 529 180 617 ἄρα
204 532 243 598 τὸ
266 535 339 596 ΜΖ
368 525 480 612 μεῖζόν
508 526 576 593 ἐστι
603 535 664 592 τοῦ
687 527 760 600 EA.
807 525 864 593 καὶ
893 526 961 594 ἐπεὶ
986 528 1021 594 τὰ
1040 528 1100 611 ΞΝ,

75 663 91 710 τ
112 644 191 722 ΝΛ,
206 643 237 703 Λ
243 643 276 703 Κ
300 642 356 701 loa
374 630 532 718 ἀλλήλοις
550 633 652 716 ἐστίν,
675 635 746 699 ἔστι
765 631 804 700 δὲ
822 632 878 700 καὶ
897 631 937 700 τὰ
952 639 1029 719 ΜΘ,
1041 638 1101 718 ΘΗ,

111 751 180 812 ΗΖ
214 751 270 809 ἴσα
294 737 464 824 ἀλλήλοις,
492 742 551 805 καί
571 739 662 805 ἐστιν
686 745 763 805 ἶσον
786 765 824 806 το
848 743 979 825 πλῆθος
999 742 1058 808 τῶν
1077 740 1104 806 ἐν

111 862 157 941 τῷ
177 856 251 917 ΜΖ
274 850 319 937 τῷ
343 843 465 931 πλήθει
488 848 556 912 τῶν
581 845 617 912 ἐν
640 848 687 937 τῷ
709 847 790 931 ER,
821 850 912 914 ἔστιν
934 844 998 934 ἄρα
1020 841 1059 924 ὡς
1077 842 1104 911 τὸ

111 962 181 1025 ΚΛ
204 951 286 1040 πρὸς
304 950 341 1019 τὸ
363 958 440 1037 ΖΗ,
465 948 571 1031 οὕτως
589 947 631 1040 ζτὸ
652 953 720 1028 ΚΞ
738 948 826 1037 πρὸς
843 949 881 1020 τὸ
901 959 981 1021 ΖΜ.
1015 957 1106 1038 μεῖζον

112 1061 150 1129 δὲ
173 1063 211 1128 τὸ
232 1065 308 1126 ΖΜ
327 1062 388 1126 τοῦ
412 1060 489 1134 ΚΞ·
516 1064 627 1144 μεῖζον
650 1055 715 1145 ἄρα
738 1058 793 1125 καὶ
816 1057 854 1127 τὸ
878 1065 949 1126 ΗΖ
970 1062 1028 1126 τοῦ
1046 1063 1108 1125 AK.

58 1190 91 1238 10
110 1174 169 1236 καί
190 1169 260 1235 ἐστι
282 1164 320 1233 τὸ
344 1164 405 1251 μὲν
429 1171 500 1230 ΖΗ
520 1171 596 1231 ἴσον
619 1167 665 1256 τῷ
690 1170 732 1249 Γ,
756 1162 798 1254 ’μὸ
824 1165 863 1234 δὲ
885 1171 955 1233 ΚΛ
977 1167 1020 1257 τῷ
1042 1171 1109 1232 ΑΛ·

110 1278 147 1344 τὸ
174 1280 206 1340 Γ
225 1271 290 1359 ἄρα
314 1269 427 1358 μεῖζόν
451 1273 519 1339 ε’στι
537 1281 599 1338 τοῦ
624 1280 708 1337 ΑΔ·
737 1268 818 1356 ὅπερ
843 1276 912 1340 ἔδει
937 1274 1045 1353 δεῖξαι.
1150 1272 1155 1321 '¹

439 1574 490 1638 Ad
514 1574 585 1638 libr.
605 1468 638 1637 ξζ
660 1595 752 1659 prop.
776 1575 806 1640 6.

476 1675 621 1756 Ἀλῖως
644 1702 685 1745 το
711 1675 752 1748 ς’.

180 1800 255 1869 Δύο
275 1798 339 1888 γὰρ
353 1801 479 1887 μεγέθη
493 1797 534 1867 τὰ
550 1809 592 1886 A,
606 1807 635 1867 Β
653 1798 737 1887 πρὸς
755 1798 884 1888 ἄλληλα
901 1803 1006 1892 λόγον
1022 1803 1114 1891 ἐχέτω,

112 1907 153 1979 ὃν
177 1906 324 1997 ἀριθμὸς
343 1903 360 1974 ὃ
380 1913 412 1973 Γ
430 1906 514 1994 πρὸς
532 1904 681 1995 ἆρνθμὸν
701 1905 760 1975 τὸν
782 1917 827 1974 Δ·
857 1910 955 1997 λέγω,
981 1908 1030 1979 ὅτι
1049 1909 1115 1996 σύμ-

60 2037 93 2086 15
112 2015 215 2104 μετρά
240 2018 308 2083 ἐστι
331 2012 365 2082 τέ
395 2015 530 2100 μεγέθη.

172 2118 267 2187 Ὅσαι
292 2120 357 2208 γάρ
381 2125 467 2189 εἰσιν
494 2123 529 2188 ἐν
548 2125 594 2212 τῷ
614 2127 646 2188 Γ
665 2121 819 2208 μονάδες,
844 2126 892 2200 εἰς
909 2126 1055 2190 τοσαῦτα
1072 2130 1116 2190 ἴσα

114 2225 289 2315 διῃρήσθω
311 2224 349 2294 τὸ
370 2236 411 2313 A,
434 2227 490 2294 καὶ
510 2228 561 2295 ἑνὶ
580 2225 692 2296 αὐτῶν
712 2236 787 2296 ἴσον
809 2233 892 2295 ἔστω
915 2228 954 2296 τὸ
975 2236 1017 2296 Ε·
1041 2235 1118 2297 ἔστιν

113 2331 179 2420 ἄρα
198 2324 243 2413 ὥς
263 2329 283 2418 ἡ
305 2331 410 2419 μονὰς
429 2357 512 2420 προς
530 2333 591 2403 τὸν
605 2341 637 2401 Γ
650 2331 811 2421 ἀριθμόν,
835 2331 872 2401 τὸ
888 2342 920 2401 Ε
936 2336 1021 2422 πρὸς
1037 2335 1074 2403 τὸ
1087 2343 1122 2403 A.

114 2443 182 2507 ἔστι
211 2439 247 2507 δὲ
277 2440 333 2508 καὶ
362 2436 407 2518 ὡς
436 2437 453 2507 ὁ
478 2446 510 2506 Γ
527 2442 610 2528 πρὸς
637 2439 696 2509 τὸν
721 2451 769 2527 Δ,
801 2441 838 2508 τὸ
862 2450 895 2508 A
920 2440 1005 2529 πρὸς
1026 2440 1064 2510 τό
1086 2448 1122 2509 Β·

60 2569 94 2618 2ο
114 2544 159 2613 δι’
191 2555 268 2615 ῖσου
299 2546 364 2632 ἄρα
394 2546 483 2614 ἐστὶν
512 2544 556 2627 ὡς
583 2545 603 2630 ᾗ
633 2544 737 2634 μονὰς
768 2547 849 2633 πρὸς
875 2545 937 2614 τὸν
967 2556 1012 2629 Δ,
1036 2546 1073 2617 τὸ
1099 2554 1125 2615 Ε

112 2651 197 2736 πρὸς
228 2653 265 2720 τὸ
291 2661 327 2720 Β.
375 2666 485 2740 μετρεῖ
515 2652 551 2720 δὲ
579 2653 633 2719 καὶ
665 2651 685 2738 ἡ
714 2651 820 2739 μονὰς
847 2654 906 2720 τὸν
934 2661 984 2720 Δ·
1021 2666 1127 2742 μετρεῖ

112 2755 178 2842 ἄρα
202 2759 257 2822 καὶ
282 2760 320 2824 τὸ
345 2767 376 2824 Ε
397 2757 435 2826 τό
460 2767 497 2827 Β.
543 2772 653 2846 μετρεῖ
678 2759 714 2826 δὲ
737 2760 793 2826 καὶ
815 2758 852 2826 τὸ
877 2766 909 2825 Ε
931 2757 969 2827 τὸ
995 2770 1037 2847 A,
1063 2759 1127 2829 ἐπεὶ

112 2862 167 2927 καὶ
196 2859 216 2945 ἡ
246 2861 351 2947 μονὰς
380 2864 442 2931 τὸν
465 2871 505 2932 Γ’
542 2867 580 2933 τὸ
603 2872 635 2931 Ε
661 2864 726 2951 ἄρα
755 2864 912 2951 ἑκάτερον
941 2870 1010 2935 τῶν
1033 2872 1127 2950 AB

185 3044 208 3090 2.
229 3035 296 3091 Post
316 3040 409 3105 δεῖξαι
428 3059 454 3111 p.
476 3047 518 3110 22,
539 3048 555 3096 2
575 3041 689 3113 BFVb,
708 3060 764 3112 mg.
784 3059 821 3097 m.
841 3048 855 3095 1
875 3040 906 3095 P.

112 3150 325 3158 wrm

186 3205 209 3250 1.
229 3197 370 3267 ΔΒ]ΒΔ
388 3198 417 3254 Ρ,
492 3205 516 3254 2.
537 3198 582 3272 τό]
604 3201 702 3272 (prius)
721 3202 759 3274 τῷ
781 3201 811 3257 Β.
876 3201 914 3273 τῷ
947 3203 998 3256 τοῦ
1020 3203 1046 3259 b.
1105 3208 1127 3256 3.

113 3265 157 3340 τό]
178 3284 247 3322 corr.
264 3285 297 3322 ex
311 3268 360 3322 τοῦ
374 3286 410 3324 m.
429 3276 441 3322 1
462 3270 492 3324 Γ.
554 3279 578 3326 4.
599 3273 695 3341 μεῖζὸν
715 3267 825 3327 ἔστιτὸ
844 3275 950 3327 ΜΖ.
1014 3273 1126 3396 54119

112 3338 288 3394 KAinraS.
310 3339 340 3394 V.
416 3347 440 3394 6.
461 3342 530 3411 ΗΖ]
553 3343 657 3397 ΖΗΓ.
730 3343 787 3397 τῶν
807 3337 838 3397 ἒν
857 3343 895 3414 τῷ
914 3343 990 3415 ΜΖ]
1010 3351 1077 3400 m.2
1121 3386 1126 3397 .

149 3417 169 3468 7.
191 3412 243 3488 τῷ]
262 3411 334 3487 (alt.)
355 3412 416 3469 ἴσον
437 3416 475 3488 τῷ
493 3409 610 3467 Psswo.
679 3413 969 3478 EKXE‘mmN.
1042 3419 1065 3471 8.
1085 3411 1127 3484 τό]
