2378 3832
124 176 167 242 ’ἶο
509 179 710 231 ΣΤΟΙΧΕΙΩΝ
729 171 756 230 ι’.

608 318 668 387 κώ.

194 440 243 509 Τὸ
280 439 355 509 ὑπὸ
388 445 517 529 μέσων
550 441 666 529 μήκει
698 441 933 528 συμμέτρων
965 439 1143 510 εὐθειών

122 548 218 616 κατά
256 574 346 616 τινα
388 551 466 616 τών
505 548 725 636 εἰρημένων
766 546 924 633 τρόπων
962 548 1143 634 περιεχό·

123 682 243 743 μενον
268 653 527 740 ὀρθογώνιον
550 655 671 741 μέσον
695 656 813 721 έστιύ.

86 783 103 833 5
184 757 264 829 Ὑπὸ
296 757 361 847 γάρ
396 760 508 847 μέσων
540 759 635 847 μήκει
668 760 866 846 συμμέτρων
899 757 1044 828 εὐθειῶν
1072 763 1142 827 τών

125 875 201 952 ΑΒ,
220 873 287 934 ΒΓ
305 868 508 953 περιεχέσθω
529 863 744 954 ὀρθογώνιον
762 863 801 933 τὸ
817 872 894 933 ΑΓ·
917 868 1014 953 λέγω,
1035 864 1142 935 ὅτιτὸ

125 981 157 1040 Α
163 979 194 1040 Γ
212 973 315 1058 μέσον
339 973 438 1040 ἐστίν.

189 1076 452 1164 Ἀναγεγράφθω
486 1077 550 1164 γάρ
580 1075 646 1145 άπό
678 1082 736 1165 τής
764 1086 829 1146 ΑΒ
861 1077 1073 1165 τετράγωνον
1103 1076 1143 1147 τὸ

125 1191 208 1251 ΑΛ·
241 1185 344 1271 μέσον
376 1182 442 1270 άρα
475 1184 544 1252 έστὶ
575 1183 613 1252 τὸ
647 1192 724 1254 ΑΛ.
774 1186 830 1252 καὶ
859 1186 928 1253 ἐπεὶ
956 1185 1146 1272 σύμμετρός

74 1313 107 1362 10
125 1292 217 1359 ἐστιν
248 1288 269 1377 ή
298 1298 364 1358 ΑΒ
395 1295 436 1379 τῇ
465 1297 533 1358 ΒΓ
555 1290 667 1378 μήκει,
700 1299 755 1376 ἴση
786 1292 823 1359 δέ
849 1289 869 1378 ή
899 1300 964 1359 ΑΒ
992 1296 1031 1380 τή
1061 1299 1143 1376 ΒΔ,

125 1397 311 1485 σύμμετρος
333 1395 399 1484 άρα
423 1398 491 1465 ἐστὶ
509 1398 565 1465 καὶ
583 1395 604 1485 ή
625 1405 692 1465 ΔΒ
710 1402 749 1486 τή
769 1404 836 1465 ΒΓ
850 1398 958 1485 μήκει·
983 1399 1068 1466 ώστε
1086 1399 1146 1466 καλ

123 1501 161 1571 τὸ
186 1512 257 1571 ΛΑ
278 1513 323 1594 τῷ
347 1509 415 1571 ΑΓ
435 1503 625 1591 σύμμετρόν
654 1507 751 1572 έστιν.
798 1505 901 1591 μέσον
927 1503 967 1572 δὲ
993 1504 1031 1572 τὸ
1056 1513 1145 1573 ΔΑ·

124 1610 227 1696 μέσον
250 1607 316 1696 άρα
339 1611 394 1677 καὶ
417 1610 454 1678 τὸ
480 1616 556 1678 ΑΓ·
581 1610 661 1698 ὅπερ
685 1615 753 1678 ἔδει
777 1612 890 1692 δεῖξαι.

509 1826 510 1830 =
606 1812 660 1854 κε.

74 1932 107 1980 15
198 1907 248 1978 Τὸ
282 1908 357 1978 ὑπὸ
391 1910 520 1997 μέσων
552 1910 720 1998 δυνάμει
751 1913 877 1997 μόνον
907 1911 1147 1998 συμμέτρων

124 2013 297 2084 εὐθειῶν
320 2015 605 2103 περιεχόμενον
629 2014 883 2102 ὀρθογώνιον
906 2014 994 2102 ήτοι
1018 2015 1145 2103 ῥητὸν

124 2115 145 2207 ἢ
169 2122 290 2209 μέσον
314 2125 432 2190 ἐστίν.

186 2225 266 2297 Ὑπὸ
301 2228 365 2316 γάρ
398 2229 510 2314 μέσων
543 2227 684 2314 δυνάμει
717 2228 825 2315 μόνον
857 2229 1056 2317 συμμέτρων
1090 2232 1145 2298 εὐ-

123 2341 231 2403 θειών
254 2339 322 2402 τών
345 2341 423 2419 ΑΒ,
448 2339 514 2400 ΒΓ
534 2332 748 2421 ὀρθογώνιον
771 2336 975 2424 περιεχέσθω
999 2337 1037 2404 τὸ
1062 2341 1144 2404 ΛΓ·

72 2461 107 2515 20
123 2440 221 2528 λέγω,
245 2439 296 2509 ὅτι
318 2442 356 2509 τὸ
379 2446 448 2507 ΑΓ
463 2438 538 2526 ήτοι
562 2439 666 2527 ῥητὸν
688 2437 709 2528 ή
734 2442 838 2529 μέσον
862 2444 960 2510 ἐστίν.

188 2542 449 2633 Ἀναγεγράφθω
483 2548 546 2633 γάρ
575 2543 639 2615 άπὸ
662 2550 730 2614 τών
758 2554 836 2633 ΑΒ,
859 2554 925 2615 ΒΓ
947 2546 1144 2634 τετράγωνα

122 2651 165 2718 τὰ
182 2659 265 2736 ΛΔ,
283 2659 360 2719 ΒΕ·
383 2652 487 2737 μέσον
506 2650 572 2738 άρα
591 2652 682 2720 ἐστὶν
701 2651 861 2741 ἑκάτερον
879 2657 947 2721 τών
965 2662 1048 2738 ΑΛ,
1068 2661 1143 2722 ΒΕ.

123 2755 180 2825 καὶ
204 2759 366 2825 ἐκκείσθω
385 2755 467 2845 ῥητή
491 2756 513 2844 ή
533 2765 615 2844 ΖΗ,
637 2759 693 2826 καὶ
715 2762 761 2850 τῷ
786 2758 848 2845 μὲν
865 2766 936 2825 ΑΛ
956 2767 1031 2832 ἴσον
1050 2783 1143 2847 παρα

13 2934 19 2957 ,Ι
123 2862 186 2949 τήν
209 2869 282 2930 ΖΗ
303 2863 573 2952 παραβεβλήσθω
601 2861 816 2951 ὀρθογώνιον
843 2865 1143 2953 παραλληλόγραμ-

13 2988 22 3017 ·-
71 2990 108 3043 25
122 2994 192 3061 Ιμον
212 2966 251 3037 τὸ
274 2975 343 3038 ΗΘ
364 2968 488 3051 πλάτος
510 2975 632 3038 ποιοῦν
655 2969 717 3057 τήν
741 2977 817 3057 ΖΘ,
844 2975 890 3061 τῷ
915 2969 953 3038 δὲ
975 2977 1045 3038 ΑΓ
1066 2980 1142 3040 ἴσον

122 3073 214 3160 παρά
245 3075 306 3162 τήν
334 3083 412 3144 ΘΜ
434 3075 702 3165 παραβεβλήσθω
731 3073 945 3163 ὀρθογώνιον
972 3085 1142 3164 παραλλή-

65 3268 77 3309 5
196 3239 223 3293 θ.
240 3233 315 3291 κατά
330 3265 363 3275 -
378 3231 502 3306 τρόπων]
523 3252 578 3290 om.
593 3235 674 3302 ΒΝ),
693 3250 842 3303 suprascr.
857 3253 893 3290 m.
909 3240 926 3289 2
940 3234 966 3288 V
979 3232 1064 3303 (κατά
1077 3255 1142 3290 τινα

77 3334 85 3345 „
117 3304 183 3363 ,οὖν
200 3308 291 3375 em).
363 3312 388 3362 6.
406 3303 593 3375 περιέχεσθαι
610 3305 646 3373 Β,
666 3321 735 3361 corr.
755 3323 792 3360 m.
812 3311 837 3362 2.
910 3311 935 3360 9.
954 3305 1021 3376 ΑΔ]
1043 3307 1140 3376 (prius)

94 3370 568 3439 ‡.3nbr10tam.111tt.v.
643 3383 685 3433 11.
709 3372 784 3432 κιο
803 3376 862 3433 PB.
935 3376 1140 3448 mecon.

96 3442 255 3513 JQMV,
274 3451 334 3503 BA
349 3448 380 3504 F.
457 3453 497 3504 12.
518 3442 577 3502 ἐστι
594 3446 632 3516 V,
652 3463 741 3516 comp.
760 3447 814 3502 Pb.
889 3447 1141 3518 AA]ecorr.m.

86 3494 127 3585 2⁴2
146 3512 176 3571 7.
234 3521 279 3573 16.
300 3513 448 3592 ιάθειών]
467 3537 504 3575 m.
526 3524 543 3575 2
562 3517 598 3577 V.
658 3525 703 3575 m.
720 3516 897 3588 περιεχέσθω
915 3512 1091 3586 ὀρθογώνιον
1110 3518 1141 3572 Ρ.
