2378 3832
117 159 182 223 110
504 158 705 212 ΣΤΟΙΧΕΙΩΝ
724 154 751 213 ι’.

179 297 269 370 Ἐπεὶ
296 299 361 388 γὰρ
390 298 601 390 ἀσύμμετρός
630 302 720 368 ἐστιν
744 296 765 386 ή
788 306 854 368 ΛΒ
877 303 918 390 τῇ
942 306 1009 368 ΒΓ
1028 298 1133 386 μήκει,

114 408 168 476 καὶ
191 405 231 475 τοὶ
256 404 320 476 ἀπὸ
344 411 413 476 τῶν
435 415 513 492 ΑΒ,
530 412 597 475 ΒΓ
614 405 677 493 ἄρα
700 403 896 494 ἀσύμμετρά
920 408 989 474 ἐστι
1010 409 1058 499 τῷ
1081 405 1134 485 θὶς

114 510 181 582 ὑπὸ
201 517 269 582 τῶν
288 520 365 598 ΑΒ,
383 520 458 582 ΒΓ·
480 514 538 580 καὶ
557 513 717 581 συνθέντι
734 511 776 580 τὰ
799 509 865 581 ἀπὸ
886 516 956 582 τῶν
975 519 1053 597 ΑΒ,
1073 517 1130 580 ΒΙ

114 616 196 706 μετὰ
225 622 286 687 τοῦ
311 619 362 698 θὶς
388 617 454 687 ὑπὸ
487 623 555 687 τῶν
583 626 659 704 ΑΒ,
682 623 759 704 ΒΓ,
791 615 872 705 ὅπερ
900 618 970 686 ἐστὶ
997 617 1037 686 τὸ
1065 615 1132 686 ἀπὸ

78 729 171 812 ῦτής
185 731 259 811 ΑΓ,
278 722 490 812 ἀσύμμετρόν
508 727 577 793 ἐστι
595 728 640 815 τῷ
659 721 726 792 ὑπὸ
745 727 814 792 τῶν
833 730 909 809 ΑΒ,
929 728 1000 791 ΒΓ.
1030 724 1134 811 ῥήτον

115 831 152 900 δέ
170 833 208 900 τὸ
227 829 293 899 ὑπὸ
318 835 387 899 τῶν
409 838 485 916 ΑΒ,
504 837 577 900 ΒΓ
605 828 798 899 ὑπόκεινται
822 828 887 919 γὰρ
910 833 948 898 αἱ
968 837 1048 916 ΑΒ,
1071 836 1130 899 ΒΙ

114 939 218 1024 ῥήτον
235 937 459 1024 περιέχουσαι·
480 935 607 1024 ἄλοχον
625 935 746 1023 ἄρατὸ
765 934 830 1005 ἀπὸ
844 940 903 1047 τής
916 941 993 1004 ΑΓ·
1013 935 1136 1024 ἄλογος

113 1041 180 1131 ἄρα
197 1039 218 1129 ἡ
238 1048 320 1128 ΑΓ,
339 1049 507 1111 καλείσθω
528 1042 566 1111 δὲ
585 1045 714 1112 ἐκδύο
734 1045 863 1129 μέσων
880 1043 1030 1131 πρώτη·
1054 1041 1134 1131 ὅπερ

114 1153 182 1216 ἔδει
206 1150 321 1229 δείξαι.

62 1313 95 1362 10
594 1291 654 1379 λη’.

178 1409 264 1481 Ἐὰν
298 1413 369 1482 δύο
403 1417 517 1502 μέσαι
549 1414 718 1503 δυνάμει
751 1415 877 1502 μόνον
911 1414 1135 1505 σύμμετροι

114 1524 340 1588 συντεθῶσι
373 1522 493 1608 μέσον
527 1522 799 1609 περιέχουσαι,
832 1519 853 1609 ή
884 1522 954 1608 ὅλη
985 1520 1135 1609 ἄλοχός

114 1626 238 1712 ἐστιν,
261 1635 429 1695 καλείσθω
454 1627 491 1696 δὲ
515 1630 554 1696 ἐκ
579 1627 650 1695 δύο
674 1629 804 1715 μέσων
828 1629 1000 1717 δευτέρα.

180 1739 448 1818 Συγκείσθωσαν
471 1761 536 1821 γαρ
561 1732 624 1801 δύο
644 1735 742 1820 μέσαι
761 1732 905 1820 δυνάμει
924 1733 1032 1821 μόνον
1051 1733 1135 1822 σύμ-

62 1860 95 1911 15
114 1863 227 1927 μετροι
242 1842 279 1905 αί
291 1847 368 1926 ΑΒ,
382 1845 449 1908 ΒΓ
463 1842 566 1927 μέσον
582 1841 808 1929 περιέχουσαι·
828 1841 925 1926 λέγω,
944 1837 996 1909 ὅτι
1011 1838 1136 1928 ἄλοχός

114 1945 205 2012 ἐστιν
228 1941 249 2031 ή
273 1950 345 2014 ΑΓ.

178 2045 359 2117 Ἐκκείσθω
385 2077 451 2136 γαρ
480 2051 563 2137 ῥητὴ
587 2047 608 2137 ἡ
633 2057 715 2135 ΑΒ,
745 2049 801 2116 καὶ
824 2053 870 2142 τῷ
895 2048 960 2118 ἀπὸ
984 2055 1045 2137 τής
1067 2055 1139 2118 ΑΓ

115 2161 190 2221 ίσον
224 2157 313 2241 παρὰ
348 2152 410 2240 τήν
441 2162 510 2222 ΔΒ
541 2154 809 2241 παραβεβλήσθω
840 2153 878 2223 τὸ
908 2162 942 2222 Δ
948 2162 975 2221 Ζ
1005 2155 1133 2236 πλάτος

113 2263 237 2326 ποιοῦν
260 2262 322 2345 τήν
346 2268 379 2326 Δ
387 2266 429 2326 Η.
473 2261 529 2327 καὶ
552 2262 622 2329 ἐπεὶ
644 2264 682 2329 τὸ
707 2258 780 2331 ἀπὸ.
795 2264 854 2349 τής
876 2266 946 2329 ΑΓ
964 2270 1040 2330 ἴσον
1064 2263 1136 2330 ἐστὶ

62 2389 97 2440 20
115 2379 187 2446 τοῖς
208 2391 244 2434 τε
266 2362 332 2433 ἀπὸ
356 2369 423 2433 τῶν
447 2373 523 2452 ΑΒ,
547 2373 613 2435 ΒΓ
637 2367 694 2434 καὶ
720 2370 766 2457 τῷ
795 2369 848 2447 θὶς
874 2364 939 2436 ὑπὸ
963 2371 1033 2436 τῶν
1054 2375 1134 2454 ΑΒ,

113 2478 190 2559 ΒΓ,
217 2471 486 2559 παραβεβλήσθω
516 2475 557 2559 δή
581 2487 651 2553 τοῖς
674 2470 737 2541 αἰπο
761 2478 830 2542 τῶν
855 2481 930 2561 ΑΒ,
953 2479 1022 2542 ΒΓ
1040 2475 1133 2564 παρὰ

112 2582 174 2666 τήν
198 2586 270 2647 ΔΕ
297 2586 373 2646 ίσον
399 2603 437 2646 το
463 2586 535 2646 ΒΘ·
565 2579 684 2648 λοιπὸν
712 2576 779 2669 ἄρα
806 2579 843 2648 τὸ
868 2587 930 2647 ΘΖ
958 2587 1035 2649 ίσον
1063 2581 1135 2648 ἐστὶ

112 2688 158 2777 τῷ
189 2685 241 2763 δὶς
267 2680 333 2752 ὑπὸ
357 2688 425 2752 τῶν
448 2691 530 2771 ΑΒ,
553 2692 623 2754 ΒΓ.
668 2688 724 2753 καὶ
743 2687 813 2754 ἐπεὶ
826 2687 920 2773 ὶμέση
944 2687 1036 2754 ἐστίν
1059 2686 1134 2755 ἑκα-

112 2792 190 2877 τέρα
212 2795 281 2858 τῶν
304 2797 380 2876 ΑΒ,
408 2797 485 2877 ΒΓ,
513 2792 597 2878 μέσα
625 2791 690 2881 ἄρα
718 2792 787 2860 ἐστὶ
814 2792 871 2859 καί
897 2790 938 2859 τὰ
967 2789 1033 2861 ἀπὸ
1061 2797 1134 2862 τῶν

186 3009 209 3059 1.
228 3003 280 3075 τῇ]
304 3023 340 3058 m.
359 3020 414 3061 rec.
433 3003 463 3060 P.
537 3009 592 3060 ΑΓ
613 3006 639 3061 b.
712 3011 737 3060 2.
758 3001 817 3060 ἐστι
835 3005 873 3077 τῷ
918 3002 1132 3061 συννενέαται

112 3093 149 3131 m.
168 3081 185 3129 2
204 3072 236 3127 B.
309 3075 359 3148 τῷ]
381 3092 450 3130 corr.
470 3093 504 3131 ex
521 3074 554 3131 τό
573 3076 603 3131 F.
676 3082 701 3132 3.
720 3077 861 3202 καίχοιο.
900 3076 975 3131 heon
994 3075 1130 3146 (BFVb).

148 3143 315 3200 συντιθέντι
332 3146 362 3201 Ρ.
432 3141 488 3212 ἄρα
507 3143 541 3201 τά
561 3148 659 3202 Theon
679 3145 771 3217 (BFV
797 3148 815 3218 )
883 3144 932 3219 τά]
951 3143 983 3201 τό
1002 3147 1037 3202 V.
1104 3152 1130 3201 4.

114 3211 190 3271 ἐστίν
209 3215 238 3271 Ρ.
292 3211 325 3271 τὸ
344 3211 415 3288 ἀπό]
434 3217 464 3270 in
482 3235 536 3272 ras.
556 3224 622 3272 m.1
642 3215 672 3274 P.
728 3221 752 3272 5.
772 3216 916 3289 σύμμετρα
934 3217 964 3286 F,
985 3219 1045 3274 sed.
1060 3235 1130 3273 corr.

150 3282 225 3342 ἐστιν
234 3286 265 3343 Ρ.
307 3286 376 3374 ΒΓ]
408 3292 487 3343 ostea
496 3289 548 3345 ins.
558 3288 589 3344 Γ.
631 3285 861 3359 ῥητόν-6.ΒΓ
891 3289 990 3359 (prius)
1008 3289 1129 3356 om.Fb‚

112 3356 232 3413 m.2B.
288 3305 786 3430 o.yaoffm.2B‚3s'Fb,Bm.1.
843 3356 1128 3448 ajasoiubw'wb.

150 3434 175 3485 ⁵1.
194 3424 296 3500 ἄλοχος
314 3460 347 3469 -
367 3435 391 3484 8.
411 3430 481 3502 ΑΓ]
505 3449 532 3485 m
556 3473 561 3486 .
581 3449 617 3486 m.
639 3437 653 3483 1
672 3429 702 3483 P.
775 3436 800 3486 8.
819 3430 932 3502 πρωτη]
956 3448 1013 3501 seq.
1033 3430 1129 3497 schol„

106 3514 132 3552 ιι.
151 3515 218 3570 app.
275 3495 347 3571 ὅπερ
367 3499 427 3557 ἔθει
446 3450 554 3577 θεῖξαιῖ
572 3519 664 3574 comp.
676 3501 709 3571 Ρ,
727 3519 783 3558 om.
802 3502 914 3558 BFVb.
971 3508 1012 3558 10.
1031 3498 1078 3556 λθ’
1097 3500 1128 3555 Γ.
