2378 3832
120 180 187 245 2ἵο
507 181 708 234 ΣΤΟΙΧΕΙΩΝ
727 176 754 234 ι’.

120 329 193 408 ΕΖ,
217 319 464 412 ἀναστρέψαντι
487 321 553 407 ἀρα
572 323 662 391 ἐστὶν
683 320 727 402 ὡς
751 319 768 389 5
788 329 856 388 EA
874 323 959 405 πρὸς
976 323 1040 389 τὸν
1059 330 1093 389 A
1099 329 1137 408 Z,

120 428 225 509 οὕτως
246 427 283 496 τὸ
309 427 375 497 ἀπὸ
398 432 457 516 τῆς
475 436 548 496 ΒΗ
564 427 647 513 πρὸς
669 432 706 496 τὸ
731 425 797 497 ἀπὸ
820 433 879 515 τῆς
899 435 935 496 Θ.
973 427 991 495 5
1012 427 1050 496 δὲ
1070 437 1138 496 EA

119 538 201 621 πρὸς
224 538 283 602 τὸν
302 543 367 602 ΛΖ
386 535 490 620 λόγον
514 534 575 602 οὐκ
599 540 675 621 ἔχει,
701 532 741 603 ὃν
763 534 972 623 τετράνωνος
989 532 1137 622 ἀριθμὸς

118 640 201 729 πρὸς
222 641 434 728 τετράγωνον
458 640 622 729 ἀριθμόν·
649 638 724 709 οὐδ’
750 639 816 726 ἀρα
838 639 876 708 τὸ
899 638 965 708 ἀπὸ
984 651 1044 727 τῆς
1067 648 1139 708 ΒΗ

83 777 99 824 5
117 751 199 832 πρὸς
217 748 254 816 τὸ
274 747 339 816 ἀπὸ
358 759 414 834 τῆς
433 755 461 814 Θ
479 748 583 833 λόγον
603 752 680 834 ἔχει,
704 743 744 815 ὃν
763 747 970 836 τετράγωνος
987 746 1134 836 ἀριθμὸς

117 854 200 943 πρὸς
227 854 438 940 τετράγωνον
466 851 629 940 ἀριθμόν·
666 850 874 942 ἀσύμμετρος
901 852 968 940 ἀρα
998 850 1131 938 έστὶνή

117 967 190 1028 ΒΗ
208 965 248 1049 τή
272 968 301 1027 Θ
324 960 428 1046 μήκει.
469 961 525 1027 καὶ
550 961 690 1028 δύναται
713 958 733 1046 ἡ
757 967 830 1028 ΒΗ
848 963 907 1046 τής
929 965 1002 1028 ΗΓ
1022 965 1127 1046 μεῖζον

116 1070 160 1157 τῷ
189 1064 255 1134 ἀπὸ
282 1071 340 1153 τῆς
362 1074 403 1134 Θ·
441 1064 461 1152 ἡ
486 1073 552 1134 ΗΒ
582 1066 648 1151 ἀρα
674 1071 733 1153 τῆς
756 1073 828 1134 ΗΓ
851 1072 963 1152 μεῖζον
989 1064 1127 1133 δύναται

115 1183 161 1262 τῷ
186 1169 251 1239 ἀπὸ
276 1169 488 1259 ἀσυμμέτρου
512 1174 612 1260 ἑαυτῇ
642 1175 746 1260 μήκει.
791 1177 851 1239 καί
871 1175 961 1239 ἐστιν
986 1168 1007 1258 ή
1032 1190 1129 1258 προσ-

65 1305 97 1353 10
116 1277 306 1364 αρμόζονσα
330 1276 351 1365 ή
375 1284 445 1346 ΓΗ
464 1277 649 1365 σύμμετρος
672 1282 711 1367 τῇ
736 1280 905 1367 ἐκκειμένῃ
930 1280 1013 1367 ῥητή
1038 1289 1079 1367 τῇ
1102 1287 1132 1345 Α

116 1384 223 1471 μήκει·
248 1381 268 1470 ή
292 1382 358 1470 ἀρα
381 1390 447 1453 ΒΓ
466 1381 616 1472 ἀποτομή
641 1387 709 1453 έστι
732 1386 869 1472 πέμπτη.

183 1489 333 1577 Εὕρηται
356 1490 423 1576 ἀρα
445 1490 466 1577 ή
490 1493 617 1579 πέμπτη
642 1488 793 1578 ἀποτομή
818 1488 839 1577 ή
863 1497 938 1559 ΒΓ·
962 1488 1045 1578 ὅπερ
1065 1496 1129 1558 ἔδει

115 1599 230 1678 δεῖξαι.

603 1688 640 1756 ι’.

62 1833 95 1882 15
181 1806 332 1893 Εὑρεῖν
354 1811 426 1897 τήν
449 1812 564 1896 έκτην
587 1809 801 1898 ἀποτομήν.

177 1911 359 1984 Ἐκκείσθω
383 1915 465 2005 ῥητή
490 1917 510 2003 ἡ
535 1927 566 1984 A
589 1917 645 1984 καὶ
668 1930 755 2003 τρεῖς
778 1914 922 2003 ἀριθμοὶ
946 1920 982 1983 oc
997 1923 1039 2003 E,
1056 1923 1128 1996 ΒΓ,

113 2026 175 2088 ΓΔ
198 2021 367 2109 λόγονμή
393 2028 523 2110 ἔχοντες
545 2022 629 2109 πρὸς
651 2022 831 2109 ἀλλήλους,
856 2019 896 2090 ὃν
919 2023 1129 2109 τετράγωνος

112 2125 258 2214 ἀριθμὸς
281 2128 365 2213 πρὸς
386 2128 598 2216 τετράγωνον
622 2125 787 2215 ἀριθμόν·
811 2133 859 2196 ἔτι
883 2128 920 2196 δὲ
942 2129 999 2195 καὶ
1023 2126 1042 2197 5
1066 2136 1129 2197 ΓΒ

112 2231 195 2318 πρὸς
213 2233 273 2300 τὸν
292 2241 360 2300 ΒΔ
377 2233 481 2320 λόγον
499 2237 543 2322 μή
562 2236 672 2321 ἐχέτω,
693 2230 734 2301 ὃν
752 2233 960 2321 τετράγωνος
978 2233 1128 2322 ἀριθμὸς

59 2365 93 2412 ⁶20
111 2337 194 2425 πρὸς
216 2339 428 2425 τετράγωνον
451 2339 614 2429 ἀριθμόν·
650 2340 706 2407 καὶ
733 2339 929 2426 πεποιήσθω
954 2338 998 2420 ἀς
1022 2341 1085 2428 μὲν
1109 2339 1127 2409 5

112 2453 144 2512 E
168 2443 252 2531 πρὸς
277 2443 338 2513 τὸν
362 2451 437 2532 ΒΓ,
472 2444 577 2525 οὕτως
604 2449 641 2515 τὸ
666 2443 731 2515 ἀπὸ
754 2457 813 2533 τῆς
835 2455 868 2513 Α
891 2445 974 2533 πρὸς
995 2447 1034 2515 τὸ
1060 2445 1126 2515 ἀπὸ

110 2556 169 2638 τῆς
192 2558 274 2639 ΖΗ,
303 2549 347 2632 ὡς
371 2552 408 2620 δὲ
432 2549 450 2620 5
474 2559 542 2621 ΒΓ
559 2552 643 2642 πρὸς
665 2551 726 2621 τὸν
750 2558 831 2638 ΓΛ,
859 2551 967 2632 οὕτως
993 2553 1032 2621 τὸ
1059 2550 1126 2622 ἀπο

110 2663 168 2745 τῆς
191 2666 260 2726 ΖΗ
280 2659 363 2746 πρὸς
384 2647 422 2727 τά
446 2657 510 2728 ἀπὸ
534 2664 592 2746 της
614 2666 690 2727 ΗΘ.

174 2761 263 2832 Ἐπεὶ
287 2758 350 2833 οὖν
374 2769 465 2834 ἐστιν
489 2763 534 2844 ὡς
558 2763 576 2833 5
599 2772 632 2832 E
652 2763 736 2850 πρὸς
758 2763 819 2833 τὸν
841 2772 918 2851 ΒΓ,
952 2762 1059 2845 οὕτως
1087 2765 1125 2834 τὸ

56 2895 90 2944 25
109 2867 175 2937 ἀπὸ
200 2881 257 2956 τῆς
280 2880 311 2937 A
333 2871 417 2958 πρὸς
439 2871 476 2940 τὸ
501 2869 566 2940 ἀπο
591 2877 649 2958 τῆς
674 2878 755 2958 ΖΗ,
784 2872 973 2959 σύμμετρον
996 2871 1063 2959 ἀρα
1088 2872 1126 2940 τὸ

109 2974 175 3043 ἀπὸ
204 2980 263 3062 τῆς
284 2985 317 3043 A
343 2982 389 3068 τῷ
418 2975 483 3046 ἀπὸ
510 2990 569 3065 της
593 2984 668 3045 ΖΗ.
714 2978 816 3064 ῥητὸν
845 2978 883 3046 δὲ
909 2977 947 3045 τὸ
976 2976 1037 3046 ἀπὶ
1066 2983 1126 3066 τής

108 3089 153 3148 Α·
179 3080 281 3169 ῥητὸν
300 3081 366 3170 ἀρα
390 3085 445 3151 καὶ
467 3086 504 3152 τὸ
528 3081 592 3152 ἀπὸ
611 3088 668 3170 τῆς
689 3090 768 3151 ΖΗ·
792 3083 874 3171 ῥητή
894 3083 959 3171 ἀρα
979 3086 1049 3152 ἐστὶ
1069 3086 1125 3153 καὶ

182 3249 204 3296 1.
228 3237 439 3311 ἀναστρέψαντι
463 3275 495 3283 -
520 3250 545 3297 2.
570 3243 637 3313 EA]
661 3259 677 3296 e
701 3261 769 3298 corr.
794 3245 824 3299 F.
904 3251 927 3299 1.
953 3240 1042 3314 ἐστίν]
1068 3261 1123 3300 om.

107 3312 190 3368 BFb.
264 3313 408 3384 ΕΔ]ΔΕ
427 3313 456 3366 Ρ.
529 3322 554 3368 4.
579 3319 633 3368 ΗΒ
652 3314 683 3401 Β,
755 3316 839 3439 Mi}
864 3317 922 3369 ΗΘ
940 3315 970 3370 F.
1049 3317 1124 3401 ΒΗ]

107 3389 163 3439 ΗΒ
181 3383 271 3439 BFV.
329 3384 434 3454 μεῖζον]
456 3402 508 3440 om.
528 3385 557 3440 P.
618 3391 719 3450 8,αρα
739 3391 794 3439 ΗΒ
841 3431 847 3441 .
907 3390 966 3439 ΒΗ
981 3388 1012 3442 P.
1075 3390 1124 3441 ὃν·

95 3455 201 3530 ναται]
217 3473 272 3514 om.
292 3455 323 3512 V.
382 3462 406 3512 9.
426 3451 622 3529 ἀσυμμέτρου]
641 3451 669 3510 ἀ·
688 3457 718 3510 in
731 3475 784 3511 ras.
800 3458 835 3524 V,
853 3475 889 3510 m.
910 3463 925 3510 2
945 3459 975 3512 B.
1033 3454 1121 3529 ἑαυτῇ

82 3523 214 3585 δάναται
238 3531 268 3588 V.
350 3537 394 3589 10.
416 3531 489 3589 Post
509 3534 568 3587 ΓΗ
588 3527 731 3586 στρατιαὶ
749 3524 835 3582 ἀ-Ἶ,
892 3533 1005 3580 xm?
1025 3525 1083 3595 ὅσα
1096 3530 1125 3582 ks.
