2378 3832
92 141 136 206 56
476 136 679 189 ΣΤΟΙΧΕῙΩΝ
696 132 725 191 ι’.

96 282 152 350 καὶ
176 286 259 349 ἔστι)
281 278 320 348 τὸ
343 277 410 348 ὑπὸ
432 282 501 347 τῶν
522 283 601 362 ΒΔ,
625 283 700 345 ΔΓ.
746 281 909 368 δεικτέον,
933 280 988 351 ὅτι
1010 282 1116 374 ιἰσάμ-

96 387 215 475 μετρός
237 389 328 455 ἐστιν
351 383 372 472 ή
396 393 464 453 ΒΔ
486 389 527 472 τῇ
549 389 621 452 ΔΓ
638 383 743 472 μήκει.

167 497 242 563 Τῶν
256 492 320 579 γὰρ
335 491 449 562 αὐτῶν
461 493 802 560 κατασκευασθέντων
811 490 941 579 ὁμοίως
950 499 1116 584 δείξομεν,

94 599 146 669 ὅτι
168 599 189 688 ή
208 606 274 668 ΒΓ
286 603 345 687 τῆς
358 609 391 668 Α
405 605 517 687 μεῖζον
535 596 678 666 δύναται
694 602 741 690 τῷ
761 595 827 667 άκδ
846 603 907 686 τῆς
921 608 997 672 ΖΔ.
1030 601 1114 672 ἀλλὰ

57 704 115 795 εή
144 714 210 777 ΒΓ
235 712 294 794 τῆς
325 716 358 776 Α
387 711 499 793 μεῖζον
535 703 678 772 δύναται
709 708 755 795 τῷ
792 701 859 774 άκὸ
896 704 1117 794 ἀσυμμέτρου

94 815 206 905 ἑαυιή.
237 811 448 899 ἀσύμμετρος
461 809 527 899 ἄρα
541 810 632 878 έστὶν
646 808 667 896 ή
686 816 754 878 ΒΓ
761 814 803 898 τῇ
817 818 884 878 ΖΔ
896 811 1011 899 μήκει·
1030 813 1116 884 ὥστε

93 922 152 989 καὶ
174 925 275 1009 λοιπή
294 918 536 1010 συναμφοτέρῳ
558 927 598 1005 τῇ
618 923 692 1003 ΒΖ,
709 924 783 985 ΔΓ
797 916 1010 1005 ἀσύμμετρός
1024 922 1116 990 ἐστιν

96 1024 116 1114 ή
140 1033 210 1096 ΒΓ.
247 1022 332 1093 ἀλλὰ
360 1023 613 1111 συναμφότερος
638 1023 660 1109 ή
683 1030 757 1108 ΒΖ,
781 1029 853 1092 ΔΓ
873 1034 913 1113 τῇ
938 1033 1012 1094 ΔΓ
1035 1029 1114 1114 σύμ

95 1132 213 1219 μετρόι,Ι
236 1134 305 1199 ἐστι
328 1129 439 1218 μήκει·
466 1129 522 1197 καὶ
540 1126 561 1216 ή
581 1135 648 1196 ΒΓ
661 1127 728 1215 ἄρα
749 1133 790 1218 τή
819 1135 885 1198 ΔΓ
902 1129 1118 1222 ἀσύμμετρός

51 1263 76 1312 ιο
95 1240 164 1306 ἐστι
188 1237 297 1325 μήκει·
328 1235 412 1306 ὥστε
435 1238 491 1304 καὶ
515 1234 661 1304 διελόντι
684 1233 705 1322 ή
729 1242 798 1303 ΒΔ
819 1240 859 1324 τῇ
879 1243 951 1305 ΔΓ
970 1236 1116 1327 ἀσύμμε-

94 1344 173 1432 τρός
196 1346 265 1412 ἐστι
288 1343 393 1431 μήκει.

159 1448 238 1518 Ἐάν
261 1448 326 1538 ἄρα
350 1442 412 1518 οδσι
435 1448 499 1516 δύο
523 1443 665 1533 εὐθεῖαι,
689 1447 807 1516 καὶτὰ
832 1451 914 1535 ἑξής.

528 1668 681 1747 Λῆμμα.

160 1784 251 1856 Ἐπεὶ
270 1790 444 1874 δέδεικται,
464 1782 515 1854 ὅτι
535 1788 574 1853 αἱ
589 1783 686 1872 μήκει
706 1787 886 1871 σύμμετροι
904 1784 1038 1867 πάντως
1058 1790 1115 1856 καὶ

50 1916 77 1967 ιο
98 1893 241 1980 δυνάμει
272 1895 354 1978 [εἰσὶ
380 1894 595 1981 σάμμετροι],
623 1893 662 1958 αἱ
681 1890 719 1958 δὲ
746 1889 886 1978 δυνάμει
913 1888 955 1959 οὐ
978 1893 1114 1976 πάντας

93 1999 149 2067 καὶ
184 1998 296 2086 μήκει,
329 1995 414 2066 άλλδι
447 1995 488 2082 δή
525 1997 689 2064 δύνανται
717 1996 813 2083 μήκει
845 1997 900 2089 καλ
930 1998 1114 2090 σύμμετροι

94 2102 181 2172 εἶναι
216 2105 272 2170 καὶ
303 2101 523 2190 ἀσύμμετροι,
559 2101 724 2190 φανερόν,
756 2100 822 2188 ὅτι,
853 2103 913 2172 ἐὰν
940 2109 980 2194 τή
1011 2107 1115 2176 έκκει·

93 2212 178 2298 μένή
206 2211 290 2298 ῥητή
319 2207 506 2296 σύμμετρός
533 2233 583 2287 τις
605 2198 627 2296 ᾖ
650 2208 763 2295 μήκει,
791 2212 920 2297 λέγεται
948 2210 1032 2299 ῥητή
1056 2214 1114 2282 καὶ

94 2316 282 2404 σύμμετρος
309 2311 392 2402 αὐτή
422 2311 464 2382 οὐ
490 2312 597 2400 μόνον
620 2314 735 2402 μήκει,
767 2315 851 2385 άλλδι
875 2318 931 2385 καὶ
955 2319 1113 2407 δυνάμει,

49 2446 77 2496 ιο
95 2422 165 2492 ἐπεὶ
188 2423 226 2489 αἱ
246 2420 342 2507 μήκει
373 2419 554 2509 σύμμετροι
576 2421 708 2504 πάντως
730 2424 786 2491 καὶ
805 2423 956 2511 δυνάμει.
989 2422 1050 2493 ἐὰν
1074 2425 1114 2495 δὲ

92 2532 133 2617 τή
160 2526 330 2615 έκκειμένή
360 2527 442 2615 δήτή
470 2525 656 2615 σύμμετρός
683 2553 733 2609 τις
759 2520 780 2617 ή
810 2529 968 2616 δυνάμει,
997 2535 1029 2599 εδ
1048 2531 1113 2619 μὲν

93 2633 149 2702 καὶ
169 2633 276 2720 μήκει,
295 2632 423 2719 λέγεται
442 2634 497 2701 καὶ
517 2630 624 2712 οὕτως
643 2632 725 2721 ῥητή
744 2634 799 2701 καὶ
821 2635 1006 2725 σύμμετρος
1025 2635 1112 2726 αὐτῇ

166 2845 427 2918 1.ar]m.2B.
501 2839 781 2914 κήαιιλιιιιιῖ.
845 2850 995 2904 ιντο.
1051 2844 1110 2904 ἀλλ’

94 2916 157 2973 FV.
213 2922 236 2979 δ.
257 2915 415 3040 συμμέτρου
434 2916 468 2986 δ,
487 2933 557 2974 corr.
576 2935 613 2972 m.
632 2921 657 2972 2.
724 2922 749 2973 6.
769 2913 872 2988 ἑαυτῆς
890 2918 921 2986 Ρ,
938 2936 1008 2975 corr.
1027 2938 1065 2977 m.
1086 2927 1111 2978 1.

130 2983 295 3059 άτάμμιτρα
339 3003 439 3056 ,τοτα
459 3006 494 3043 m.
516 2994 539 3043 1.
613 2992 664 3042 ΔΖ
683 2987 717 3044 V.
790 2993 815 3043 8.
838 2989 872 3061 τῇ
893 2991 964 3061 ΔΓ]
987 3008 1025 3045 m.
1044 2997 1061 3044 2
1080 2992 1110 3046 F.

130 3054 485 3130 άσάμμιτροςδ,εοδοοιτ.
541 3064 565 3113 9.
577 3053 652 3114 ἔστιν
660 3058 691 3114 Ρ.
738 3058 866 3184 nullom.
876 3061 907 3115 P.
962 3063 1053 3115 καί-
1068 3068 1109 3118 10.

93 3124 190 3200 μήκει]
209 3129 306 3200 mg.F.
362 3136 405 3185 10.
423 3129 497 3185 Ante
515 3124 585 3184 άοτε
605 3130 659 3185 del.
678 3125 696 3197 ή
716 3130 772 3184 ΒΓ
807 3149 843 3197 ρα
861 3132 896 3201 τῇ
917 3136 975 3186 ΔΓ
991 3139 1058 3188 ιο.1
1079 3132 1110 3187 P.

131 3205 173 3255 12.
192 3191 259 3255 άσιν
273 3198 304 3255 B.
359 3199 427 3256 Post
445 3195 561 3256 εδδιῖαι
579 3200 643 3255 add.
661 3196 763 3267 ἄνισοι,
782 3201 820 3274 τῷ
842 3200 874 3257 δὲ
889 3198 1012 3275 τετάρτῳ
1032 3201 1113 3273 μέρει

93 3271 145 3327 τοῦ
169 3264 227 3327 &aa
251 3269 301 3341 τῆς
320 3267 470 3334 ἐλάσσονος
492 3273 554 3326 ἴσον
575 3267 654 3340 παρά
678 3267 730 3338 τήν
749 3273 865 3342 μείζονα
884 3275 1055 3346 παραβληθῇ
1076 3273 1111 3328 V.

130 3346 173 3399 1⁸.
190 3341 285 3412 λῆμμα
318 3340 470 3397 om.PBb.
527 3347 568 3397 14.
589 3337 651 3398 έπελ
669 3337 702 3395 δέ
720 3338 755 3396 V.
812 3348 853 3399 15.
873 3341 926 3398 εἰσὶ
944 3341 1110 3417 σύμμετροι]

92 3426 149 3471 om.
167 3410 198 3469 P.
249 3406 284 3469 οδ
316 3409 350 3468 σά
394 3432 468 3481 ετροι
487 3408 520 3467 οδ
533 3413 562 3468 P.
611 3419 652 3468 16.
671 3407 902 3485 ἄλλά-μήκει]
921 3433 977 3485 mg.
992 3433 1029 3472 m.
1051 3415 1111 3471 lP.

129 3480 179 3557 δή]
198 3479 344 3553 δηλαδήΒ
381 3484 407 3551 b,
426 3480 461 3552 δή
478 3481 596 3553 δηλαδή,
616 3484 669 3539 del.
687 3480 734 3554 δή,
751 3483 783 3539 F.
837 3484 886 3539 καλ
901 3482 983 3554 μήκει
998 3486 1111 3543 BFvb.
