2378 3832
497 189 686 240 APPENDIX.
1037 187 1103 252 403

82 331 203 396 rabilis
227 335 276 395 est
301 331 386 411 [deff.
401 332 455 395 alt.
472 332 515 411 1].
553 353 630 417 ergo
650 337 722 396 ΑΛ
746 336 897 416 apotome
921 335 971 395 est
988 333 1102 416 prima.

88 436 243 501 similiter
266 436 366 520 igitur
389 436 531 520 reliquas
555 459 682 521 quoque
706 441 875 521 apotomes
901 437 1102 502 inueniemus

85 543 246 626 expositis
270 543 367 607 raetis
393 564 431 607 ex
450 543 574 609 duobus
593 542 782 608 nominibus
803 543 943 608 eiusdem
961 544 1103 626 numeri3

87 650 176 733 quod
201 652 270 713 erat
292 649 587 714 demonstrandum.

392 1004 443 1068 Ad
467 1005 541 1070 libr.
563 900 708 1089 ll4iprop.
734 1005 806 1071 115.

529 1110 666 1175 Aliter.

158 1231 207 1298 Sit
229 1237 298 1298 ΑΓ
317 1235 432 1299 media.
474 1235 555 1318 dieo,
579 1235 620 1298 ab
644 1237 712 1299 ΑΓ
730 1235 934 1300 irrationales
960 1234 1102 1298 infinitas

88 1360 224 1406 numero
249 1340 336 1424 oriri,
359 1345 392 1404 et
414 1341 540 1405 nullam
563 1340 623 1404 ulli
646 1341 791 1424 priorum
816 1340 956 1404 similem
979 1360 1058 1402 esse.

156 1444 301 1510 Duoatur
324 1450 390 1510 ΑΒ
414 1445 455 1510 ad
479 1449 549 1510 ΑΓ
567 1446 855 1532 perpendicularis,
879 1449 911 1509 et
934 1445 1102 1510 rationalis

88 1552 134 1615 ait
156 1555 231 1636 AB,
255 1555 288 1616 et
312 1554 479 1635 expleatur
503 1555 574 1617 ΒΓ.
619 1553 729 1637 itaque
752 1554 819 1617 ΒΓ
842 1551 1028 1616 irrationale
1053 1556 1103 1616 est

90 1659 196 1741 [prop.
219 1657 294 1738 XX]
301 1709 310 1742 ‚
333 1662 365 1722 et
388 1662 476 1722 reeta
499 1659 529 1722 ei
553 1659 698 1742 aequalis
722 1657 882 1742 quadrata
904 1657 1102 1722 irrationalis

88 1793 110 1840 A
174 1789 200 1839 Γ
278 1792 304 1840 Δ
419 1782 440 1832 Ζ
492 1769 550 1829 est.
590 1764 633 1828 sit
657 1761 866 1827 ΓΔΕ-ΒΓ.
906 1763 1017 1847 itaque
1040 1766 1103 1827 ΓΔ

429 1851 431 1885 ¹
491 1870 691 1935 irrationalis
699 1874 757 1935 est.
771 1891 829 1934 nee
837 1869 896 1932 ulli
906 1869 1051 1953 priorum
1062 1869 1103 1933 si·

186 1867 296 2088 -Ι
492 1977 642 2041 milisest.
650 1998 754 2060 neque
762 1975 1102 2059 enimullinspriorum

89 2080 179 2142 B‘*
492 2083 683 2166 quadratum
720 2086 827 2148 reetae
859 2081 1013 2147 rationali
1050 2081 1103 2146 ad-

90 2182 246 2272 plicatum
269 2188 476 2254 latitudinem
500 2189 599 2253 efficit
621 2189 768 2254 mediam.
800 2210 912 2253 narsus
936 2188 1103 2272 expleatur

90 2299 167 2360 EA.
209 2296 320 2379 itaque
343 2299 412 2359 EA
437 2296 625 2361 irrationale
648 2299 699 2360 est
724 2297 829 2379 [prop.
851 2294 937 2378 XX],
960 2297 993 2358 et
1015 2297 1104 2359 reeta

90 2402 121 2466 ei
145 2401 290 2485 aequalis
315 2402 473 2485 quadrata
496 2401 695 2466 irrationalis
720 2405 778 2467 est.
820 2402 865 2466 sit
886 2398 1103 2465 Az²=am

89 2509 203 2591 itaque
218 2513 251 2571 Δ
257 2512 284 2571 Ζ
303 2507 502 2573 irrationalis
519 2512 578 2572 est.
605 2530 665 2573 nee
679 2508 739 2571 ulli
752 2509 899 2591 priorum
915 2506 1031 2571 similis
1046 2511 1102 2571 est.

94 2633 200 2697 neque
228 2614 315 2678 enim
342 2614 440 2679 ullius
468 2614 613 2698 priorum
641 2615 834 2698 quadratum
868 2612 1020 2678 rationali
1049 2612 1103 2675 ad·

90 2719 249 2802 plicatum
272 2719 479 2784 latitudinem
504 2719 605 2784 efficit
628 2720 697 2782 ΓΛ.

158 2823 247 2909 Elrgo
264 2847 283 2888 a
296 2825 402 2889 media
416 2825 622 2889 irrationales
635 2845 770 2889 numero
786 2823 933 2888 infinitae
948 2823 1103 2906 oriuntur,

91 2934 124 2994 et
151 2930 242 2995 nulla
269 2930 327 2994 ulli
354 2930 499 3014 priorum
529 2929 645 2993 similis
674 2931 737 3014 est3
768 2930 854 3013 quod
883 2934 953 2994 erat
976 2929 1104 2993 demon-

90 3035 269 3101 strandum.

89 3297 183 3349 oomp.
201 3280 254 3334 Fb.
334 3286 375 3334 16.
396 3275 483 3351 ἔστιν]
504 3297 593 3349 comp.
612 3280 667 3347 rb,
687 3276 745 3335 ἔστι
764 3279 853 3334 PBV.
916 3285 957 3334 20.
977 3277 1034 3333 ἀπὸ
1054 3280 1105 3347 τῆς

88 3352 147 3418 Bb,
166 3355 215 3418 τῆς
233 3351 297 3406 add.
317 3369 353 3404 m.
373 3351 437 3406 21⁴¹.
510 3353 655 3422 γίγνονται
673 3349 705 3405 Β.
769 3343 903 3420 οὐδεμία]
923 3367 976 3405 om.
992 3348 1103 3406 PFVb.

127 3427 171 3476 21.
191 3416 330 3492 οὐδεμίαν
350 3442 380 3491 φ.
454 3417 541 3476 ἐστιν’
566 3419 636 3492 ὅπερ
656 3419 716 3477 ἔδει
735 3421 838 3493 δεῖξαι]
859 3438 911 3476 orn.
931 3418 1014 3477 BFb.

920 3607 982 3660 w
1093 3576 1120 3615 Δ
