2378 3832
106 167 169 230 143
489 166 691 219 nomm·
709 160 737 218 ι’.

105 308 173 376 ἐστὶ
196 306 234 375 τὸ
258 304 323 374 άπὸ
346 310 405 393 τῆς
422 313 485 374 ΕΖ
503 310 549 398 τῷ
573 305 640 375 άπὸ
661 310 721 392 τῆς
745 310 825 372 ΖΗ·
866 298 949 391 ῥητὴ
969 302 1038 391 ἄρα
1058 305 1130 374 ἐστὶ

104 415 160 479 καὶ
183 411 204 498 ἡ
229 419 304 480 ΖΗ.
351 413 407 480 καὶ
424 414 500 481 ἐπεὶ
523 410 541 482 ὁ
566 420 632 480 ΒΑ
655 412 740 502 πρὸς
762 411 824 481 τὸν
846 417 916 478 ΑΓ
933 410 1041 497 λόγον
1065 409 1131 480 οὐκ

107 524 188 605 ἔχει,
216 516 258 587 ὃν
285 522 493 607 τετράγωνος
515 519 663 607 ἀριθμὸς
685 518 769 604 πρὸς
791 516 1004 605 τετράγωνον
1029 515 1131 604 άρνθ-

106 625 188 710 μόν,
225 624 306 695 οὐδὲ
337 627 375 694 τὸ
415 625 480 695 άπὸ
512 630 572 712 τῆς
605 633 667 692 ΕΖ
695 623 780 713 πρὸς
807 623 845 693 τὸ
877 622 943 693 άπὸ
970 627 1033 711 τῆς
1060 631 1132 692 ΖΗ

70 731 209 817 ρλόγον
233 737 313 819 ἔχει,
344 729 384 799 ὃν
407 731 614 820 τετράγωνος
636 729 785 818 ἀριθμὸς
807 728 891 817 πρὸς
912 730 1129 816 τετράγωνον

106 836 270 926 άριθμάν·
300 836 508 925 ἀσύμμετρος
532 838 597 925 ἄρα
620 840 711 906 ἐστὶν
734 836 754 924 ἡ
780 845 842 905 ΕΖ
866 846 905 926 τῇ
929 843 1003 904 ΖΗ
1023 837 1122 924 μήκει.

106 948 143 1012 αἱ
159 952 234 1027 ΕΖ,
253 951 324 1011 ΖΗ
339 942 405 1033 άροι
428 947 528 1031 ῥηταί
546 949 611 1012 εἰσι
635 943 777 1032 δυνάμει
800 943 909 1030 μόνον
929 940 1120 1031 σύμμετροι·

107 1050 191 1119 ὥστε
214 1049 234 1135 ἡ
259 1057 334 1118 ΕΗ
353 1053 389 1119 ἐκ
412 1051 474 1119 δύο
499 1049 676 1138 ὀνομάτων
698 1053 799 1120 ἐστίν.

173 1158 271 1240 Λέγω
291 1155 345 1243 δή,
370 1153 422 1224 ὅτι
444 1158 500 1224 καὶ
522 1156 670 1244 τετάρτη.

56 1288 88 1337 10
171 1258 260 1328 Ἐπεὶ
284 1262 348 1350 γάρ
375 1266 464 1331 ἐστιν
488 1262 532 1344 ὡς
556 1262 661 1332 ὁΒΑ
682 1263 766 1352 πρὸς
788 1262 848 1330 τὸν
866 1267 942 1349 ΑΓ,
963 1259 1071 1342 οὕτως
1087 1259 1126 1329 τὸ

108 1365 172 1435 άπὸ
196 1379 254 1454 τῆς
272 1376 334 1436 ΕΖ
353 1368 436 1458 πρὸς
463 1368 501 1438 τὸ
530 1370 595 1438 άπὸ
618 1375 677 1456 τῆς
701 1376 772 1437 ΖΗ
797 1373 930 1455 [μείζων
955 1367 993 1435 δὲ
1019 1366 1037 1437 ὁ
1060 1375 1127 1437 ΒΑ

107 1477 168 1542 τοῦ
192 1481 290 1560 ΑΓ],
319 1482 431 1562 μεῖζον
459 1475 523 1563 άρα
551 1477 588 1544 τὸ
618 1474 683 1544 άιιὸ
711 1480 770 1563 τῆς
798 1482 861 1542 ΕΖ
885 1478 948 1542 τοῦ
975 1471 1044 1544 άπὸ
1069 1479 1125 1562 τῆς

110 1588 185 1651 ΖΗ.
223 1587 305 1651 ἔστω
330 1575 394 1651 οὖν
416 1587 461 1675 τῷ
485 1581 550 1652 άτιὸ
573 1594 631 1670 τῆς
650 1589 713 1650 ΕΖ
731 1591 788 1650 ἴσα
809 1580 851 1648 τά
870 1579 936 1649 άπὸ
958 1584 1029 1649 τῶν
1049 1588 1125 1668 ΖΗ,

108 1697 149 1757 Θ·
187 1686 435 1778 ἀναστρέψαντι
465 1688 530 1779 άρα
558 1687 603 1769 ὡς
632 1688 650 1757 ὁ
678 1697 743 1757 ΑΒ
772 1685 918 1776 ἀριθμὸς
952 1687 1038 1775 πρὸς
1067 1687 1127 1757 τὸν

57 1819 90 1868 15
109 1801 184 1883 ΒΓ,
208 1796 314 1876 οὕτως
336 1794 373 1864 τὸ
399 1793 463 1864 ἀπὸ
486 1807 545 1882 τῆς
564 1803 626 1862 ΕΖ
644 1794 729 1882 πρὸς
750 1792 789 1861 τὸ
813 1790 880 1861 άτὸ
899 1797 957 1879 τῆς
975 1801 1013 1862 Ε.
1051 1791 1128 1864 ὁὸὲ

109 1909 174 1969 ΑΒ
193 1901 275 1989 πρὸς
293 1901 353 1970 τὸν
372 1908 439 1970 ΒΓ
452 1902 556 1988 λόγον
571 1900 633 1969 οὐκ
647 1906 723 1988 ἔχει,
747 1897 787 1968 ὃν
801 1898 1010 1989 τετράγωνος
1028 1898 1127 1989 ‹ipw-

109 2006 171 2093 μὸς
197 2005 282 2093 πρὸς
316 2007 526 2096 τετράγωνον
559 2006 721 2096 ἀριθμόν·
776 2004 851 2074 οὐδ’
888 2004 955 2093 άρυ
990 2005 1030 2076 τὸ
1060 2007 1124 2077 άπὸ

109 2117 167 2197 τῆς
190 2119 252 2178 ΕΖ
274 2111 359 2198 πρὸς
381 2111 418 2180 τὸ
443 2110 507 2180 άπὸ
530 2117 587 2199 τῆς
612 2120 640 2180 Θ
663 2112 766 2199 λόγον
790 2117 872 2199 ἔχει,
899 2108 940 2180 ὃν
963 2113 1123 2201 τετράγω-

109 2243 169 2296 νος
197 2215 342 2303 ἀριθμὸς
369 2217 452 2306 πρὸς
479 2218 690 2307 τετράγωνον
718 2217 876 2305 ἀριθμόν.
917 2216 1127 2310 ἀσύμμετρος

59 2347 93 2397 20
112 2321 178 2410 άρυ
211 2323 301 2390 ἐστὶν
330 2322 350 2410 ἡ
379 2331 441 2391 ΕΖ
467 2329 507 2412 τῇ
535 2333 564 2392 Θ
592 2326 700 2412 μήκει·
738 2323 758 2412 ἡ
787 2331 849 2391 ΕΖ
877 2325 943 2410 άρυ
973 2330 1034 2412 τῆς
1060 2333 1128 2394 ΗΖ

111 2435 222 2516 μεῖζον
247 2428 389 2496 δύναται
411 2432 456 2520 τῷ
480 2427 545 2497 άτὸ
571 2429 784 2518 ἀσυμμέτρου
807 2429 916 2517 ἑαυτῇ.
958 2436 1019 2498 καί
1040 2435 1128 2500 εἰσιν

111 2538 148 2602 αι’
169 2542 246 2622 ΕΖ,
271 2542 340 2601 ΖΗ
362 2535 458 2621 ῥηταὶ
486 2535 627 2622 δυνάμει
655 2538 762 2623 μόνον
790 2536 990 2624 σύμμετροι,
1018 2538 1073 2605 καὶ
1105 2536 1126 2624 ἡ

112 2648 173 2708 ΕΖ
196 2652 235 2730 τῇ
259 2650 292 2708 Λ
317 2639 502 2727 σύμμετρός
525 2643 593 2709 ἐστι
618 2641 723 2729 μάκει.

171 2745 218 2815 Ἡ
236 2741 310 2814 ΕΗ
335 2746 399 2835 άρα
427 2747 549 2816 ἐκδύο
574 2747 751 2836 ὀνομάτων
774 2750 842 2817 ἐστὶ
866 2748 1021 2835 τετάρτη·
1045 2747 1126 2832 ὅπερ

58 2878 93 2927 25
112 2857 179 2921 ἔδει
205 2854 318 2933 δεῖξαι.

186 3091 208 3137 1.
228 3082 295 3139 Post
314 3087 373 3137 ZH
389 3084 452 3138 add.
473 3080 542 3153 ῥητὴ
561 3084 593 3140 δὲ
613 3089 681 3155 (seq.
700 3103 753 3140 ras.
775 3091 788 3138 1
808 3085 864 3141 litt.
883 3086 916 3154 F)
935 3081 952 3153 ἡ
973 3089 1025 3140 ΕΖ
1044 3087 1071 3155 b,
1091 3104 1125 3140 m.

113 3155 178 3215 ΖΕ.
252 3151 320 3224 ὁητὴ
341 3150 409 3225 άροι]
430 3150 447 3224 ἡ
467 3159 520 3210 ΕΖ
539 3151 607 3226 ῥητὴ
627 3152 684 3226 ἄρα
705 3156 779 3211 Vm.
794 3162 819 3225 2,
839 3155 907 3227 ῥητή
928 3152 1003 3211 ἔστιν
1023 3152 1081 3228 άροι
1099 3157 1126 3212 b.

149 3221 223 3297 ἔστί]
243 3242 296 3281 om.
316 3227 344 3293 b,
365 3223 440 3282 ἐστίν
457 3226 514 3281 PB.
585 3232 609 3280 2.
630 3228 695 3299 καί]
715 3227 814 3297 (prius)
834 3244 889 3283 om.
907 3226 991 3285 BFb.
1064 3228 1126 3298 BA]

113 3302 161 3350 AB
181 3296 212 3351 P.
267 3291 332 3368 οὐκ]
353 3299 452 3367 postea
465 3297 528 3352 add.
543 3297 655 3354 m.1F.
716 3305 740 3352 6.
759 3299 804 3370 τῇ]
824 3299 874 3367 τῆς
888 3299 914 3354 b.
971 3298 1125 3354 7.εἰοινΒ.

148 3372 173 3423 8.
194 3364 256 3423 ἐστί
270 3368 333 3435 BV,
352 3385 440 3436 comp.
460 3367 513 3424 Fb.
586 3375 611 3423 9.
630 3366 784 3494 ὃήρουμτε,
802 3387 852 3424 scr.
872 3389 908 3423 m.
929 3375 943 3422 1
964 3370 992 3424 P.
1063 3368 1125 3438 καί]

112 3440 234 3494 MP.
309 3444 352 3494 10.
372 3437 435 3507 BA]
456 3455 524 3494 corr.
544 3456 578 3493 ex
597 3444 698 3495 AB.
771 3437 834 3512 τόν]
853 3456 906 3495 om.
926 3440 987 3508 Bb,
1007 3458 1076 3496 corr.
1095 3457 1127 3494 ex

107 3506 274 3568 ro'm.ree.
294 3510 326 3567 P.
404 3517 445 3568 ll.
464 3512 567 3583 μείζων
588 3543 621 3550 -
641 3518 685 3566 12.
705 3512 854 3581 Akag.
875 3517 947 3565 m.1
970 3513 1002 3567 in
1022 3529 1075 3568 τεο.
1093 3510 1124 3564 Ρ.
