<?xml version="1.0" encoding="UTF-8"?>
<!DOCTYPE html PUBLIC "-//W3C//DTD XHTML 1.0 Transitional//EN"
    "http://www.w3.org/TR/xhtml1/DTD/xhtml1-transitional.dtd">
<html xmlns="http://www.w3.org/1999/xhtml" xml:lang="en" lang="en">
 <head>
  <title>
</title>
<meta http-equiv="Content-Type" content="text/html;charset=utf-8" />
  <meta name='ocr-system' content='tesseract 3.04.00' />
  <meta name='ocr-capabilities' content='ocr_page ocr_carea ocr_par ocr_line ocrx_word'/>
</head>
<body>
  <div class='ocr_page' id='page_1' title='image "./euclidisoperaom11unkngoog_0294.png"; bbox 0 0 2378 3832; ppageno 0'>
   <div class='ocr_carea' id='block_1_1' title="bbox 367 172 1097 238">
    <p class='ocr_par' dir='ltr' id='par_1_1' title="bbox 367 172 1097 238">
     <span class='ocr_line' id='line_1_1' title="bbox 367 172 1097 238; baseline 0.019 -14"><span class='ocrx_word' id='word_1_1' title='bbox 367 175 642 226; x_wconf 81' lang='lat' dir='ltr'>manenroaun</span> <span class='ocrx_word' id='word_1_2' title='bbox 659 176 768 227; x_wconf 78' lang='lat' dir='ltr'>amaa</span> <span class='ocrx_word' id='word_1_3' title='bbox 785 177 819 227; x_wconf 82' lang='lat' dir='ltr'>x.</span> <span class='ocrx_word' id='word_1_4' title='bbox 1034 172 1097 238; x_wconf 80' lang='lat'>281</span> 
     </span>
    </p>
   </div>
   <div class='ocr_carea' id='block_1_2' title="bbox 82 317 1101 930">
    <p class='ocr_par' dir='ltr' id='par_1_2' title="bbox 82 317 1101 717">
     <span class='ocr_line' id='line_1_2' title="bbox 82 317 1100 403; baseline 0.003 -22"><span class='ocrx_word' id='word_1_5' title='bbox 82 317 223 382; x_wconf 90' lang='lat' dir='ltr'>tionales</span> <span class='ocrx_word' id='word_1_6' title='bbox 243 319 319 381; x_wconf 87' lang='lat' dir='ltr'>sunt</span> <span class='ocrx_word' id='word_1_7' title='bbox 336 317 485 401; x_wconf 87' lang='lat' dir='ltr'>potentia</span> <span class='ocrx_word' id='word_1_8' title='bbox 505 321 633 381; x_wconf 85' lang='lat' dir='ltr'>tantum</span> <span class='ocrx_word' id='word_1_9' title='bbox 654 319 971 384; x_wconf 83' lang='lat' dir='ltr'>commensurabiles.</span> <span class='ocrx_word' id='word_1_10' title='bbox 1001 342 1100 403; x_wconf 88' lang='lat' dir='ltr'>quare</span> 
     </span>
     <span class='ocr_line' id='line_1_3' title="bbox 83 422 1100 509; baseline 0.004 -23"><span class='ocrx_word' id='word_1_11' title='bbox 83 426 162 486; x_wconf 84' lang='lat' dir='ltr'>AN</span> <span class='ocrx_word' id='word_1_12' title='bbox 182 425 334 506; x_wconf 77' lang='lat' dir='ltr'>apotome</span> <span class='ocrx_word' id='word_1_13' title='bbox 358 426 408 487; x_wconf 89' lang='lat' dir='ltr'>est</span> <span class='ocrx_word' id='word_1_14' title='bbox 431 425 536 507; x_wconf 83' lang='lat' dir='ltr'>[prop.</span> <span class='ocrx_word' id='word_1_15' title='bbox 552 422 717 505; x_wconf 64' lang='lat' dir='ltr'><strong>LXXIII}</strong></span> <span class='ocrx_word' id='word_1_16' title='bbox 759 433 791 489; x_wconf 90' lang='lat' dir='ltr'>et</span> <span class='ocrx_word' id='word_1_17' title='bbox 813 425 971 508; x_wconf 89' lang='lat' dir='ltr'>quadrata</span> <span class='ocrx_word' id='word_1_18' title='bbox 994 426 1100 509; x_wconf 89' lang='lat' dir='ltr'>spatio</span> 
     </span>
     <span class='ocr_line' id='line_1_4' title="bbox 83 529 1101 616; baseline 0.006 -25"><span class='ocrx_word' id='word_1_19' title='bbox 83 531 151 592; x_wconf 89' lang='lat' dir='ltr'>AB</span> <span class='ocrx_word' id='word_1_20' title='bbox 181 532 230 593; x_wconf 90' lang='lat' dir='ltr'>est</span> <span class='ocrx_word' id='word_1_21' title='bbox 259 529 412 612; x_wconf 86' lang='lat' dir='ltr'>aequalis.</span> <span class='ocrx_word' id='word_1_22' title='bbox 463 529 574 612; x_wconf 90' lang='lat' dir='ltr'>itaque</span> <span class='ocrx_word' id='word_1_23' title='bbox 607 533 697 594; x_wconf 87' lang='lat' dir='ltr'>recta</span> <span class='ocrx_word' id='word_1_24' title='bbox 727 531 833 614; x_wconf 89' lang='lat' dir='ltr'>spatio</span> <span class='ocrx_word' id='word_1_25' title='bbox 862 535 928 596; x_wconf 88' lang='lat' dir='ltr'>AB</span> <span class='ocrx_word' id='word_1_26' title='bbox 957 532 1101 616; x_wconf 89' lang='lat' dir='ltr'>aequalis</span> 
     </span>
     <span class='ocr_line' id='line_1_5' title="bbox 88 634 506 717; baseline 0.005 -19"><span class='ocrx_word' id='word_1_27' title='bbox 88 634 249 717; x_wconf 88' lang='lat' dir='ltr'>quadrata</span> <span class='ocrx_word' id='word_1_28' title='bbox 273 638 424 717; x_wconf 82' lang='lat' dir='ltr'>apotome</span> <span class='ocrx_word' id='word_1_29' title='bbox 448 639 506 700; x_wconf 87' lang='lat' dir='ltr'>est.</span> 
     </span>
    </p>

    <p class='ocr_par' dir='ltr' id='par_1_3' title="bbox 90 739 1101 930">
     <span class='ocr_line' id='line_1_6' title="bbox 150 739 1101 828; baseline 0.004 -25"><span class='ocrx_word' id='word_1_30' title='bbox 150 739 242 824; x_wconf 81' lang='lat' dir='ltr'>Ergo</span> <span class='ocrx_word' id='word_1_31' title='bbox 271 740 300 804; x_wconf 92' lang='lat' dir='ltr'>si</span> <span class='ocrx_word' id='word_1_32' title='bbox 329 741 470 824; x_wconf 90' lang='lat' dir='ltr'>spatium</span> <span class='ocrx_word' id='word_1_33' title='bbox 500 741 784 827; x_wconf 75' lang='lat' dir='ltr'>comprehenditur</span> <span class='ocrx_word' id='word_1_34' title='bbox 812 746 903 807; x_wconf 88' lang='lat' dir='ltr'>recta</span> <span class='ocrx_word' id='word_1_35' title='bbox 934 743 1101 828; x_wconf 77' lang='lat' dir='ltr'>rationali,</span> 
     </span>
     <span class='ocr_line' id='line_1_7' title="bbox 90 850 439 930; baseline 0.003 -19"><span class='ocrx_word' id='word_1_36' title='bbox 90 850 123 911; x_wconf 92' lang='lat' dir='ltr'>et</span> <span class='ocrx_word' id='word_1_37' title='bbox 145 868 228 930; x_wconf 91' lang='lat' dir='ltr'>quae</span> <span class='ocrx_word' id='word_1_38' title='bbox 252 850 439 930; x_wconf 89' lang='lat' dir='ltr'>sequuntur.</span> 
     </span>
    </p>
   </div>
   <div class='ocr_carea' id='block_1_3' title="bbox 84 1039 1132 2526">
    <p class='ocr_par' dir='ltr' id='par_1_4' title="bbox 545 1039 644 1108">
     <span class='ocr_line' id='line_1_8' title="bbox 545 1039 644 1108; baseline 0.02 -2"><span class='ocrx_word' id='word_1_39' title='bbox 545 1039 644 1108; x_wconf 83' lang='lat' dir='ltr'>XOIL</span> 
     </span>
    </p>

    <p class='ocr_par' dir='ltr' id='par_1_5' title="bbox 84 1163 1104 1461">
     <span class='ocr_line' id='line_1_9' title="bbox 155 1163 1104 1249; baseline 0.006 -22"><span class='ocrx_word' id='word_1_40' title='bbox 155 1163 188 1228; x_wconf 83' lang='lat' dir='ltr'>Si</span> <span class='ocrx_word' id='word_1_41' title='bbox 205 1164 347 1248; x_wconf 88' lang='lat' dir='ltr'>spatium</span> <span class='ocrx_word' id='word_1_42' title='bbox 362 1169 450 1230; x_wconf 87' lang='lat' dir='ltr'>recta</span> <span class='ocrx_word' id='word_1_43' title='bbox 464 1165 619 1230; x_wconf 79' lang='lat' dir='ltr'>rationali</span> <span class='ocrx_word' id='word_1_44' title='bbox 638 1170 671 1230; x_wconf 90' lang='lat' dir='ltr'>et</span> <span class='ocrx_word' id='word_1_45' title='bbox 691 1170 843 1249; x_wconf 89' lang='lat' dir='ltr'>apotome</span> <span class='ocrx_word' id='word_1_46' title='bbox 862 1168 1003 1233; x_wconf 87' lang='lat' dir='ltr'>secunda</span> <span class='ocrx_word' id='word_1_47' title='bbox 1017 1190 1104 1233; x_wconf 93' lang='lat' dir='ltr'>com-</span> 
     </span>
     <span class='ocr_line' id='line_1_10' title="bbox 84 1270 1104 1358; baseline 0.005 -25"><span class='ocrx_word' id='word_1_48' title='bbox 84 1270 311 1356; x_wconf 86' lang='lat' dir='ltr'>prehenditur,</span> <span class='ocrx_word' id='word_1_49' title='bbox 345 1273 435 1335; x_wconf 91' lang='lat' dir='ltr'>recta</span> <span class='ocrx_word' id='word_1_50' title='bbox 467 1271 574 1355; x_wconf 89' lang='lat' dir='ltr'>spatio</span> <span class='ocrx_word' id='word_1_51' title='bbox 607 1273 753 1356; x_wconf 86' lang='lat' dir='ltr'>aequalis</span> <span class='ocrx_word' id='word_1_52' title='bbox 786 1274 946 1358; x_wconf 89' lang='lat' dir='ltr'>quadrata</span> <span class='ocrx_word' id='word_1_53' title='bbox 977 1274 1104 1338; x_wconf 91' lang='lat' dir='ltr'>mediae</span> 
     </span>
     <span class='ocr_line' id='line_1_11' title="bbox 87 1377 453 1461; baseline 0.003 -20"><span class='ocrx_word' id='word_1_54' title='bbox 87 1379 241 1460; x_wconf 85' lang='lat' dir='ltr'>apotome</span> <span class='ocrx_word' id='word_1_55' title='bbox 265 1378 315 1440; x_wconf 89' lang='lat' dir='ltr'>est</span> <span class='ocrx_word' id='word_1_56' title='bbox 338 1377 453 1461; x_wconf 90' lang='lat' dir='ltr'>prima.</span> 
     </span>
    </p>

    <p class='ocr_par' dir='ltr' id='par_1_6' title="bbox 89 1480 1104 1780">
     <span class='ocr_line' id='line_1_12' title="bbox 155 1480 1104 1572; baseline 0.005 -27"><span class='ocrx_word' id='word_1_57' title='bbox 155 1480 303 1567; x_wconf 82' lang='lat' dir='ltr'>Spatium</span> <span class='ocrx_word' id='word_1_58' title='bbox 327 1482 415 1546; x_wconf 87' lang='lat' dir='ltr'>enim</span> <span class='ocrx_word' id='word_1_59' title='bbox 433 1488 499 1548; x_wconf 89' lang='lat' dir='ltr'>AB</span> <span class='ocrx_word' id='word_1_60' title='bbox 523 1488 613 1550; x_wconf 90' lang='lat' dir='ltr'>recta</span> <span class='ocrx_word' id='word_1_61' title='bbox 634 1486 789 1551; x_wconf 87' lang='lat' dir='ltr'>rationali</span> <span class='ocrx_word' id='word_1_62' title='bbox 808 1490 876 1551; x_wconf 91' lang='grc' dir='ltr'>ΑΓ</span> <span class='ocrx_word' id='word_1_63' title='bbox 895 1491 927 1551; x_wconf 92' lang='lat' dir='ltr'>et</span> <span class='ocrx_word' id='word_1_64' title='bbox 951 1491 1104 1572; x_wconf 85' lang='lat' dir='ltr'>apotome</span> 
     </span>
     <span class='ocr_line' id='line_1_13' title="bbox 91 1588 1103 1676; baseline 0.006 -26"><span class='ocrx_word' id='word_1_65' title='bbox 91 1588 231 1652; x_wconf 88' lang='lat' dir='ltr'>secunda</span> <span class='ocrx_word' id='word_1_66' title='bbox 244 1594 276 1651; x_wconf 89' lang='lat' dir='ltr'><em>A</em></span> <span class='ocrx_word' id='word_1_67' title='bbox 282 1592 316 1651; x_wconf 88' lang='grc' dir='ltr'><em>Λ</em></span> <span class='ocrx_word' id='word_1_68' title='bbox 331 1590 633 1672; x_wconf 83' lang='lat' dir='ltr'>comprehendatur.</span> <span class='ocrx_word' id='word_1_69' title='bbox 671 1591 752 1670; x_wconf 91' lang='lat' dir='ltr'>dico,</span> <span class='ocrx_word' id='word_1_70' title='bbox 771 1595 894 1657; x_wconf 89' lang='lat' dir='ltr'>rectam</span> <span class='ocrx_word' id='word_1_71' title='bbox 913 1593 1019 1676; x_wconf 90' lang='lat' dir='ltr'>spatio</span> <span class='ocrx_word' id='word_1_72' title='bbox 1037 1596 1103 1656; x_wconf 88' lang='lat' dir='ltr'>AB</span> 
     </span>
     <span class='ocr_line' id='line_1_14' title="bbox 89 1694 1087 1780; baseline 0.004 -22"><span class='ocrx_word' id='word_1_73' title='bbox 89 1695 256 1778; x_wconf 88' lang='lat' dir='ltr'>aequalem</span> <span class='ocrx_word' id='word_1_74' title='bbox 281 1694 474 1777; x_wconf 88' lang='lat' dir='ltr'>quadratam</span> <span class='ocrx_word' id='word_1_75' title='bbox 497 1696 622 1761; x_wconf 89' lang='lat' dir='ltr'>mediae</span> <span class='ocrx_word' id='word_1_76' title='bbox 646 1701 822 1780; x_wconf 88' lang='lat' dir='ltr'>apotomen</span> <span class='ocrx_word' id='word_1_77' title='bbox 843 1697 984 1780; x_wconf 87' lang='lat' dir='ltr'>primam</span> <span class='ocrx_word' id='word_1_78' title='bbox 1007 1719 1087 1762; x_wconf 84' lang='lat' dir='ltr'>esse.</span> 
     </span>
    </p>

    <p class='ocr_par' dir='ltr' id='par_1_7' title="bbox 87 1801 1132 1991">
     <span class='ocr_line' id='line_1_15' title="bbox 153 1801 1132 1886; baseline 0.002 -22"><span class='ocrx_word' id='word_1_79' title='bbox 153 1822 230 1864; x_wconf 90' lang='lat' dir='ltr'>nam</span> <span class='ocrx_word' id='word_1_80' title='bbox 255 1802 331 1862; x_wconf 86' lang='grc' dir='ltr'>ΔΗ</span> <span class='ocrx_word' id='word_1_81' title='bbox 355 1803 464 1866; x_wconf 89' lang='lat' dir='ltr'>rectae</span> <span class='ocrx_word' id='word_1_82' title='bbox 487 1806 559 1866; x_wconf 83' lang='grc' dir='ltr'>ΑΔ</span> <span class='ocrx_word' id='word_1_83' title='bbox 587 1823 767 1886; x_wconf 82' lang='lat' dir='ltr'>congruens</span> <span class='ocrx_word' id='word_1_84' title='bbox 791 1801 843 1865; x_wconf 91' lang='lat' dir='ltr'>sit.</span> <span class='ocrx_word' id='word_1_85' title='bbox 888 1802 999 1886; x_wconf 88' lang='lat' dir='ltr'>itaque</span> <span class='ocrx_word' id='word_1_86' title='bbox 1023 1806 1104 1886; x_wconf 83' lang='grc' dir='ltr'>ΑΗ,</span> <span class='ocrx_word' id='word_1_87' title='bbox 1129 1835 1132 1840; x_wconf 95' lang='grc'>-</span> 
     </span>
     <span class='ocr_line' id='line_1_16' title="bbox 87 1906 1105 1991; baseline 0.005 -22"><span class='ocrx_word' id='word_1_88' title='bbox 87 1909 128 1969; x_wconf 90' lang='lat' dir='ltr'><em>H</em></span> <span class='ocrx_word' id='word_1_89' title='bbox 131 1910 163 1969; x_wconf 88' lang='grc' dir='ltr'><em>Δ</em></span> <span class='ocrx_word' id='word_1_90' title='bbox 185 1906 361 1972; x_wconf 86' lang='lat' dir='ltr'>rationales</span> <span class='ocrx_word' id='word_1_91' title='bbox 386 1910 462 1971; x_wconf 91' lang='lat' dir='ltr'>sunt</span> <span class='ocrx_word' id='word_1_92' title='bbox 483 1909 631 1991; x_wconf 90' lang='lat' dir='ltr'>potentia</span> <span class='ocrx_word' id='word_1_93' title='bbox 648 1911 778 1972; x_wconf 90' lang='lat' dir='ltr'>tantum</span> <span class='ocrx_word' id='word_1_94' title='bbox 796 1910 1105 1974; x_wconf 87' lang='lat' dir='ltr'>commensurabiles</span> 
     </span>
    </p>

    <p class='ocr_par' dir='ltr' id='par_1_8' title="bbox 294 2013 1105 2116">
     <span class='ocr_line' id='line_1_17' title="bbox 294 2013 1105 2116; baseline 0 -36"><span class='ocrx_word' id='word_1_95' title='bbox 294 2032 320 2080; x_wconf 87' lang='grc' dir='ltr'><em>Δ</em></span> <span class='ocrx_word' id='word_1_96' title='bbox 388 2030 413 2080; x_wconf 81' lang='grc' dir='ltr'><strong>Ε</strong></span> <span class='ocrx_word' id='word_1_97' title='bbox 450 2031 470 2080; x_wconf 84' lang='grc' dir='ltr'>Ζ</span> <span class='ocrx_word' id='word_1_98' title='bbox 511 2066 541 2116; x_wconf 83' lang='lat' dir='ltr'><em>H</em></span> <span class='ocrx_word' id='word_1_99' title='bbox 574 2016 678 2098; x_wconf 91' lang='lat' dir='ltr'>[prop.</span> <span class='ocrx_word' id='word_1_100' title='bbox 693 2013 857 2095; x_wconf 76' lang='lat' dir='ltr'>LXXIIH,</span> <span class='ocrx_word' id='word_1_101' title='bbox 877 2019 910 2080; x_wconf 88' lang='lat' dir='ltr'>et</span> <span class='ocrx_word' id='word_1_102' title='bbox 924 2036 1105 2099; x_wconf 88' lang='lat' dir='ltr'>congruens</span> 
     </span>
    </p>

    <p class='ocr_par' dir='ltr' id='par_1_9' title="bbox 573 2121 1110 2204">
     <span class='ocr_line' id='line_1_18' title="bbox 573 2121 1110 2204; baseline 0.007 -21"><span class='ocrx_word' id='word_1_103' title='bbox 573 2124 651 2184; x_wconf 86' lang='grc' dir='ltr'>ΔΗ</span> <span class='ocrx_word' id='word_1_104' title='bbox 665 2121 821 2185; x_wconf 89' lang='lat' dir='ltr'>rationali</span> <span class='ocrx_word' id='word_1_105' title='bbox 839 2122 1026 2204; x_wconf 88' lang='lat' dir='ltr'>propositae</span> <span class='ocrx_word' id='word_1_106' title='bbox 1040 2124 1110 2187; x_wconf 92' lang='grc' dir='ltr'>ΑΓ</span> 
     </span>
    </p>

    <p class='ocr_par' dir='ltr' id='par_1_10' title="bbox 99 2100 1107 2419">
     <span class='ocr_line' id='line_1_19' title="bbox 99 2100 1106 2366; baseline 0.005 -78"><span class='ocrx_word' id='word_1_107' title='bbox 99 2100 129 2329; x_wconf 52' lang='lat' dir='ltr'>ri</span> <span class='ocrx_word' id='word_1_108' title='bbox 293 2316 315 2364; x_wconf 79' lang='lat' dir='ltr'><strong><em>B</em></strong></span> <span class='ocrx_word' id='word_1_109' title='bbox 391 2107 415 2366; x_wconf 42' lang='lat' dir='ltr'>el)</span> <span class='ocrx_word' id='word_1_110' title='bbox 449 2318 466 2365; x_wconf 83' lang='lat'><strong><em>1</em></strong></span> <span class='ocrx_word' id='word_1_111' title='bbox 511 2279 539 2328; x_wconf 79' lang='lat' dir='ltr'><em>K</em></span> <span class='ocrx_word' id='word_1_112' title='bbox 572 2227 873 2292; x_wconf 88' lang='lat' dir='ltr'>commensurabilis</span> <span class='ocrx_word' id='word_1_113' title='bbox 888 2231 946 2311; x_wconf 88' lang='lat' dir='ltr'>est,</span> <span class='ocrx_word' id='word_1_114' title='bbox 964 2231 1037 2292; x_wconf 91' lang='lat' dir='ltr'>tota</span> <span class='ocrx_word' id='word_1_115' title='bbox 1051 2249 1106 2293; x_wconf 89' lang='lat' dir='ltr'>au·</span> 
     </span>
     <span class='ocr_line' id='line_1_20' title="bbox 572 2333 1107 2419; baseline 0.004 -22"><span class='ocrx_word' id='word_1_116' title='bbox 572 2337 640 2398; x_wconf 90' lang='lat' dir='ltr'>tem</span> <span class='ocrx_word' id='word_1_117' title='bbox 677 2337 754 2398; x_wconf 85' lang='lat' dir='ltr'>AH</span> <span class='ocrx_word' id='word_1_118' title='bbox 785 2333 945 2419; x_wconf 90' lang='lat' dir='ltr'>quadrata</span> <span class='ocrx_word' id='word_1_119' title='bbox 981 2334 1107 2399; x_wconf 86' lang='lat' dir='ltr'>excedit</span> 
     </span>
    </p>

    <p class='ocr_par' dir='ltr' id='par_1_11' title="bbox 194 2437 1106 2526">
     <span class='ocr_line' id='line_1_21' title="bbox 194 2437 1106 2526; baseline 0.001 -23"><span class='ocrx_word' id='word_1_120' title='bbox 194 2438 222 2489; x_wconf 86' lang='lat' dir='ltr'><em>A</em></span> <span class='ocrx_word' id='word_1_121' title='bbox 337 2438 363 2488; x_wconf 79' lang='grc' dir='ltr'><em>Ν</em></span> <span class='ocrx_word' id='word_1_122' title='bbox 407 2437 430 2487; x_wconf 90' lang='lat'><strong><em>0</em></strong></span> <span class='ocrx_word' id='word_1_123' title='bbox 573 2445 805 2526; x_wconf 82' lang='lat' dir='ltr'>congruentem</span> <span class='ocrx_word' id='word_1_124' title='bbox 837 2445 912 2505; x_wconf 86' lang='grc' dir='ltr'>ΗΔ</span> <span class='ocrx_word' id='word_1_125' title='bbox 946 2441 1106 2524; x_wconf 88' lang='lat' dir='ltr'>quadrato</span> 
     </span>
    </p>
   </div>
   <div class='ocr_carea' id='block_1_4' title="bbox 189 2494 1106 2919">
    <p class='ocr_par' dir='ltr' id='par_1_12' title="bbox 190 2494 1106 2860">
     <span class='ocr_line' id='line_1_22' title="bbox 190 2494 1106 2642; baseline -0.008 -24.73"><span class='ocrx_word' id='word_1_126' title='bbox 190 2494 445 2642; x_wconf 51' lang='lat' dir='ltr'>gnffla</span> <span class='ocrx_word' id='word_1_127' title='bbox 572 2550 680 2611; x_wconf 89' lang='lat' dir='ltr'>rectae</span> <span class='ocrx_word' id='word_1_128' title='bbox 713 2547 777 2611; x_wconf 91' lang='lat' dir='ltr'>sibi</span> <span class='ocrx_word' id='word_1_129' title='bbox 805 2546 1106 2611; x_wconf 88' lang='lat' dir='ltr'>commensurabilis</span> 
     </span>
     <span class='ocr_line' id='line_1_23' title="bbox 189 2593 1106 2919; baseline -0.005 -199.837"><span class='ocrx_word' id='word_1_130' title='bbox 189 2593 454 2919; x_wconf 47' lang='lat' dir='ltr'>irin}</span> <span class='ocrx_word' id='word_1_131' title='bbox 572 2653 775 2738; x_wconf 83' lang='lat' dir='ltr'>longitudine</span> <span class='ocrx_word' id='word_1_132' title='bbox 792 2653 877 2733; x_wconf 90' lang='lat' dir='ltr'>[deff.</span> <span class='ocrx_word' id='word_1_133' title='bbox 888 2655 962 2715; x_wconf 88' lang='lat' dir='ltr'>tert.</span> <span class='ocrx_word' id='word_1_134' title='bbox 972 2652 1018 2730; x_wconf 78' lang='grc'>2].</span> <span class='ocrx_word' id='word_1_135' title='bbox 1040 2651 1106 2715; x_wconf 92' lang='lat' dir='ltr'>iam</span> 
     </span>
     <span class='ocr_line' id='line_1_24' title="bbox 574 2754 1106 2842; baseline -0.004 -20"><span class='ocrx_word' id='word_1_136' title='bbox 574 2759 726 2842; x_wconf 87' lang='lat' dir='ltr'>quoniam</span> <span class='ocrx_word' id='word_1_137' title='bbox 751 2756 839 2822; x_wconf 77' lang='lat' dir='ltr'>AH²</span> <span class='ocrx_word' id='word_1_138' title='bbox 868 2757 994 2821; x_wconf 87' lang='lat' dir='ltr'>excedit</span> <span class='ocrx_word' id='word_1_139' title='bbox 1016 2754 1106 2820; x_wconf 68' lang='lat' dir='ltr'>HAl</span> 
     </span>
    </p>
   </div>
   <div class='ocr_carea' id='block_1_5' title="bbox 90 2864 1108 3375">
    <p class='ocr_par' dir='ltr' id='par_1_13' title="bbox 90 2864 1108 3375">
     <span class='ocr_line' id='line_1_25' title="bbox 574 2864 1107 2948; baseline -0.002 -19"><span class='ocrx_word' id='word_1_140' title='bbox 574 2865 730 2948; x_wconf 81' lang='lat' dir='ltr'>quadrato</span> <span class='ocrx_word' id='word_1_141' title='bbox 744 2868 851 2929; x_wconf 88' lang='lat' dir='ltr'>rectae</span> <span class='ocrx_word' id='word_1_142' title='bbox 866 2864 931 2929; x_wconf 89' lang='lat' dir='ltr'>sibi</span> <span class='ocrx_word' id='word_1_143' title='bbox 945 2885 1107 2929; x_wconf 89' lang='lat' dir='ltr'>commen·</span> 
     </span>
     <span class='ocr_line' id='line_1_26' title="bbox 94 2971 1107 3058; baseline -0.001 -22"><span class='ocrx_word' id='word_1_144' title='bbox 94 2974 257 3058; x_wconf 84' lang='lat' dir='ltr'>surabilis,</span> <span class='ocrx_word' id='word_1_145' title='bbox 268 2996 295 3038; x_wconf 92' lang='lat' dir='ltr'>s1</span> <span class='ocrx_word' id='word_1_146' title='bbox 287 2971 414 3057; x_wconf 72' lang='lat' dir='ltr'>&#39;[HA2</span> <span class='ocrx_word' id='word_1_147' title='bbox 426 2973 560 3057; x_wconf 87' lang='lat' dir='ltr'>aequale</span> <span class='ocrx_word' id='word_1_148' title='bbox 570 2974 677 3036; x_wconf 89' lang='lat' dir='ltr'>rectae</span> <span class='ocrx_word' id='word_1_149' title='bbox 687 2974 759 3036; x_wconf 83' lang='lat' dir='ltr'>AH</span> <span class='ocrx_word' id='word_1_150' title='bbox 769 2971 951 3054; x_wconf 92' lang='lat' dir='ltr'>adplicatur</span> <span class='ocrx_word' id='word_1_151' title='bbox 965 2971 1107 3055; x_wconf 89' lang='lat' dir='ltr'>spatium</span> 
     </span>
     <span class='ocr_line' id='line_1_27' title="bbox 91 3077 1107 3163; baseline 0 -22"><span class='ocrx_word' id='word_1_152' title='bbox 91 3078 198 3163; x_wconf 89' lang='lat' dir='ltr'>figura</span> <span class='ocrx_word' id='word_1_153' title='bbox 227 3080 386 3163; x_wconf 92' lang='lat' dir='ltr'>quadrata</span> <span class='ocrx_word' id='word_1_154' title='bbox 416 3078 582 3161; x_wconf 84' lang='lat' dir='ltr'>deficiens,</span> <span class='ocrx_word' id='word_1_155' title='bbox 610 3079 644 3141; x_wconf 92' lang='lat' dir='ltr'>in</span> <span class='ocrx_word' id='word_1_156' title='bbox 665 3080 775 3160; x_wconf 90' lang='lat' dir='ltr'>partes</span> <span class='ocrx_word' id='word_1_157' title='bbox 799 3077 1107 3142; x_wconf 87' lang='lat' dir='ltr'>commensurabiles</span> 
     </span>
     <span class='ocr_line' id='line_1_28' title="bbox 90 3182 1107 3268; baseline -0.001 -21"><span class='ocrx_word' id='word_1_158' title='bbox 90 3205 164 3248; x_wconf 89' lang='lat' dir='ltr'>eam</span> <span class='ocrx_word' id='word_1_159' title='bbox 189 3184 305 3249; x_wconf 90' lang='lat' dir='ltr'>diuidit</span> <span class='ocrx_word' id='word_1_160' title='bbox 331 3187 433 3268; x_wconf 88' lang='lat' dir='ltr'>[prop.</span> <span class='ocrx_word' id='word_1_161' title='bbox 456 3182 575 3263; x_wconf 63' lang='lat' dir='ltr'><strong>XVII}</strong></span> <span class='ocrx_word' id='word_1_162' title='bbox 621 3184 688 3248; x_wconf 93' lang='lat' dir='ltr'>iam</span> <span class='ocrx_word' id='word_1_163' title='bbox 711 3186 789 3246; x_wconf 85' lang='lat' dir='ltr'>AH</span> <span class='ocrx_word' id='word_1_164' title='bbox 814 3183 849 3247; x_wconf 92' lang='lat' dir='ltr'>in</span> <span class='ocrx_word' id='word_1_165' title='bbox 870 3187 991 3266; x_wconf 90' lang='lat' dir='ltr'>puncto</span> <span class='ocrx_word' id='word_1_166' title='bbox 1014 3187 1046 3247; x_wconf 86' lang='lat' dir='ltr'><em>E</em></span> <span class='ocrx_word' id='word_1_167' title='bbox 1071 3182 1107 3246; x_wconf 90' lang='lat' dir='ltr'>in</span> 
     </span>
     <span class='ocr_line' id='line_1_29' title="bbox 90 3286 1108 3375; baseline -0.001 -21"><span class='ocrx_word' id='word_1_168' title='bbox 90 3291 172 3354; x_wconf 91' lang='lat' dir='ltr'>duas</span> <span class='ocrx_word' id='word_1_169' title='bbox 186 3293 296 3372; x_wconf 88' lang='lat' dir='ltr'>partes</span> <span class='ocrx_word' id='word_1_170' title='bbox 312 3290 464 3375; x_wconf 89' lang='lat' dir='ltr'>aequales</span> <span class='ocrx_word' id='word_1_171' title='bbox 479 3294 614 3354; x_wconf 89' lang='lat' dir='ltr'>secetur.</span> <span class='ocrx_word' id='word_1_172' title='bbox 652 3310 669 3352; x_wconf 90' lang='lat' dir='ltr'>e</span> <span class='ocrx_word' id='word_1_173' title='bbox 670 3288 837 3372; x_wconf 89' lang='lat' dir='ltr'>tquadrat</span> <span class='ocrx_word' id='word_1_174' title='bbox 839 3309 858 3352; x_wconf 92' lang='grc' dir='ltr'>ο</span> <span class='ocrx_word' id='word_1_175' title='bbox 872 3291 945 3352; x_wconf 87' lang='grc' dir='ltr'>ΕΗ</span> <span class='ocrx_word' id='word_1_176' title='bbox 947 3286 959 3325; x_wconf 76' lang='lat'><strong>²</strong></span> <span class='ocrx_word' id='word_1_177' title='bbox 974 3289 1108 3373; x_wconf 89' lang='lat' dir='ltr'>aequale</span> 
     </span>
    </p>
   </div>
   <div class='ocr_carea' id='block_1_6' title="bbox 91 3443 1141 3592">
    <p class='ocr_par' dir='ltr' id='par_1_14' title="bbox 91 3443 1126 3592">
     <span class='ocr_line' id='line_1_30' title="bbox 91 3443 1116 3538; baseline -0.008 -36"><span class='ocrx_word' id='word_1_178' title='bbox 91 3468 131 3520; x_wconf 83' lang='grc' dir='ltr'>τῳ</span> <span class='ocrx_word' id='word_1_179' title='bbox 108 3448 178 3501; x_wconf 70' lang='lat' dir='ltr'>ab.</span> <span class='ocrx_word' id='word_1_180' title='bbox 252 3452 295 3502; x_wconf 80' lang='lat'>20.</span> <span class='ocrx_word' id='word_1_181' title='bbox 305 3447 389 3538; x_wconf 82' lang='grc' dir='ltr'>ΑΗ]</span> <span class='ocrx_word' id='word_1_182' title='bbox 413 3450 563 3501; x_wconf 88' lang='lat' dir='ltr'>Hecorr.</span> <span class='ocrx_word' id='word_1_183' title='bbox 582 3444 615 3501; x_wconf 89' lang='lat' dir='ltr'>V.</span> <span class='ocrx_word' id='word_1_184' title='bbox 688 3451 731 3501; x_wconf 78' lang='lat'>21</span> <span class='ocrx_word' id='word_1_185' title='bbox 755 3447 847 3499; x_wconf 67' lang='lat' dir='ltr'>delete</span> <span class='ocrx_word' id='word_1_186' title='bbox 861 3443 1116 3510; x_wconf 53' lang='lat' dir='ltr'>Theonfflllbb</span> 
     </span>
     <span class='ocr_line' id='line_1_31' title="bbox 97 3502 1141 3592; baseline -0.014 -20"><span class='ocrx_word' id='word_1_187' title='bbox 97 3502 171 3572; x_wconf 88' lang='lat' dir='ltr'>Dein</span> <span class='ocrx_word' id='word_1_188' title='bbox 190 3517 253 3571; x_wconf 89' lang='lat' dir='ltr'>add</span> <span class='ocrx_word' id='word_1_189' title='bbox 271 3514 330 3588; x_wconf 78' lang='grc' dir='ltr'>μήκ</span> <span class='ocrx_word' id='word_1_190' title='bbox 314 3519 410 3576; x_wconf 59' lang='grc' dir='ltr'><em>κ.ειῑ7</em></span> <span class='ocrx_word' id='word_1_191' title='bbox 467 3522 511 3575; x_wconf 77' lang='lat'>22.</span> <span class='ocrx_word' id='word_1_192' title='bbox 533 3517 735 3592; x_wconf 63' lang='lat' dir='ltr'>Alilecorr.</span> <span class='ocrx_word' id='word_1_193' title='bbox 747 3535 789 3573; x_wconf 84' lang='lat' dir='ltr'>m.</span> <span class='ocrx_word' id='word_1_194' title='bbox 799 3513 879 3570; x_wconf 65' lang='lat' dir='ltr'>‘N</span> <span class='ocrx_word' id='word_1_195' title='bbox 929 3505 1141 3576; x_wconf 50' lang='lat' dir='ltr'>mmm</span> 
     </span>
    </p>
   </div>
   <div class='ocr_carea' id='block_1_7' title="bbox 0 0 1196 3832">
    <p class='ocr_par' dir='ltr' id='par_1_15' title="bbox 0 0 1196 3832">
     <span class='ocr_line' id='line_1_32' title="bbox 0 0 1196 3832; baseline 0 0"><span class='ocrx_word' id='word_1_196' title='bbox 0 0 1196 3832; x_wconf 95' lang='lat' dir='ltr'> </span> 
     </span>
    </p>
   </div>
  </div>
 </body>
</html>
