2378 3832
113 153 179 233 ’364
500 168 702 221 nomn
720 166 748 222 ι’.

113 308 178 397 ἄρα
201 306 223 396 ή
242 316 308 377 ΚΖ
331 308 413 398 πρὸς
432 316 493 377 ΖΘ
517 311 617 395 ἐστιν,
642 306 687 388 ὥς
710 306 730 395 ἡ
750 315 818 376 ΚΘ
838 307 922 395 τιρδς
941 313 1017 391 ΘΕ,
1038 332 1128 375 τουτ-

114 417 204 484 έστιν
229 414 301 500 [ὡς]
325 413 346 502 ἡ
371 422 435 483 ΒΓ
454 413 537 503 πρὸς
560 422 631 484 ΓΔ.
678 419 715 482 οἱ
736 415 773 483 δὲ
797 420 873 498 ΒΓ,
896 420 958 482 ΓΛ
987 411 1128 500 δυνάμει

114 521 220 610 μόνον
245 523 336 606 [εἰσὶ]
361 523 557 610 σύμμετρον
579 522 636 589 καὶ
659 525 696 589 αδ
717 527 792 608 ΚΖ,
812 528 874 589 ΖΘ
896 519 963 607 άροι
989 522 1129 608 δυνάμει

115 629 223 716 μόνον
247 630 310 697 εἰσὶ
335 627 525 717 σύμμετροι.
561 627 617 696 καὶ
641 630 713 697 ἐπεί
734 631 824 698 ἐστιν
844 625 931 715 ὡςή
960 633 1026 694 ΚΘ
1048 625 1131 714 τιρδς

79 763 94 811 5
114 743 187 820 ΘΕ,
211 736 231 822 ἡ
251 742 317 802 ΚΖ
339 735 423 827 πρὸς
442 742 513 820 ΖΘ,
537 733 611 803 ἀλλ’
633 733 678 815 ὡς
701 731 722 822 ἡ
742 742 809 804 ΚΘ
831 733 915 822 πρὸς
933 740 1007 820 ΘΕ,
1030 730 1053 820 ή
1074 740 1132 801 ΘΖ

114 842 198 929 πρὸς
222 848 299 928 ΖΕ,
326 841 381 909 καὶ
410 838 455 920 ὡς
479 840 545 926 ἄρα
568 839 589 928 ἡ
614 848 680 909 ΚΖ
707 839 790 928 πρὸς
813 849 889 927 ΖΘ,
917 838 938 927 ή
963 847 1027 908 ΘΖ
1052 842 1133 927 πρὸς

117 956 191 1016 ΖΒ·
225 946 385 1016 ὥστεκαὶ
409 944 454 1027 ὡς
476 945 497 1034 ἡ
521 947 634 1034 κράτη
658 945 741 1035 πρὸς
763 944 824 1033 τὴν
847 951 981 1034 τρίτην,
1005 946 1046 1014 τὸ
1070 942 1133 1013 άκδ

115 1059 174 1140 τῆς
196 1052 328 1140 πρώτης
339 1055 433 1140 ’πρὸς
455 1052 492 1121 τὸ
517 1052 582 1122 άιιὸ
607 1058 665 1140 τῆς
688 1056 858 1150 δευτέρας·
885 1054 942 1121 καὶ
961 1048 1008 1131 ὡς
1026 1050 1132 1140 ἄραή

116 1165 180 1226 ΚΖ
204 1159 288 1245 πρὸς
306 1166 379 1244 ΖΕ,
403 1157 510 1238 οὕτως
528 1157 566 1227 ιδ
587 1158 651 1227 άπὸ
671 1171 729 1246 τῆς
748 1166 814 1227 ΚΖ
831 1156 915 1246 πρὸς
934 1156 973 1227 τὸ
993 1156 1064 1226 άτιδ
1081 1161 1135 1244 τής

64 1279 99 1341 16
118 1274 186 1334 ΖΘ.
232 1265 423 1353 σύμμετρον
447 1268 487 1334 δέ
508 1268 576 1334 ἐστι
600 1265 637 1333 τὸ
662 1263 725 1334 άπὸ
747 1276 805 1353 τῆς
829 1272 895 1334 ΚΖ
918 1259 964 1357 ’τῷ
989 1261 1059 1333 άπὸ
1079 1267 1136 1351 τῆς

117 1380 189 1440 ΖΘ·
224 1375 260 1439 αἱ
281 1369 346 1458 γάρ
370 1379 452 1458 ΚΖ,
476 1379 536 1439 ΖΘ
565 1372 708 1459 δυνάμει
732 1373 797 1440 εἰσὶ
820 1372 1017 1459 σύμμετροι·
1053 1369 1136 1458 σάμ-

117 1504 235 1564 μετρος
253 1475 318 1565 άροι
341 1479 409 1545 ἐστὶ
431 1478 487 1545 καὶ
510 1477 531 1564 ή
552 1485 618 1547 ΚΖ
640 1484 679 1567 τή
699 1486 765 1546 ΖΕ
781 1478 890 1566 μήκει·
919 1475 1003 1547 ὥστε
1028 1476 1050 1563 ή
1072 1483 1137 1544 ΚΖ

117 1583 172 1650 καὶ
195 1587 234 1671 τή
259 1588 329 1650 ΚΕ
350 1583 535 1670 σύμμετρός
560 1585 656 1667 [ἐστι]
681 1583 786 1670 μήκει.
829 1580 911 1671 ῥητή
935 1584 976 1651 δέ
996 1585 1092 1650 ἐστιν
1116 1579 1137 1668 ἡ

118 1695 187 1756 ΚΕ
212 1688 268 1755 καὶ
296 1687 482 1778 σύμμετρος
509 1693 549 1777 τῇ
577 1694 645 1756 ΒΓ
667 1689 776 1776 μήκει·
823 1687 905 1776 ῥητή
936 1688 1001 1776 άρα
1031 1690 1091 1757 κοιὶ
1118 1686 1138 1776 ἡ

66 1821 98 1871 15
118 1801 184 1862 KZ
206 1796 262 1862 καὶ
286 1794 471 1882 σύμμετρος
494 1799 533 1884 τῇ
557 1801 625 1863 ΒΓ
647 1794 751 1881 μήκει.
797 1796 853 1863 καὶ
881 1798 954 1864 ἐκεί
980 1796 1075 1865 ἐστιν
1094 1794 1140 1876 ὥς

117 1899 138 1986 ἡ
163 1906 229 1967 ΒΓ
246 1900 329 1986 πρὸς
351 1906 429 1985 ΓΛ,
455 1898 560 1980 οὕτως
583 1898 604 1987 ἡ
628 1908 694 1969 ΚΖ
716 1901 800 1988 πρὸς
823 1909 898 1987 ΖΘ,
923 1901 1071 1984 ἐναλλάξ
1094 1900 1140 1982 ὡς

118 2004 138 2092 ἡ
162 2012 229 2074 ΒΓ
247 2005 331 2093 πρὸς
355 2013 436 2092 ΚΖ,
459 2005 572 2096 Ιοὕτως
593 2003 614 2093 ἡ
640 2014 710 2076 ΔΓ
728 2007 812 2095 πρὸς
836 2015 906 2075 ΖΘ.
947 2007 1140 2096 σύμμετρος

119 2112 156 2181 δὲ
178 2111 199 2199 ἡ
223 2120 290 2180 ΒΓ
312 2117 352 2202 τῇ
376 2120 455 2181 ΚΖ·
493 2113 679 2200 σύμμετρος
706 2113 772 2201 άροι
794 2115 850 2181 καὶ
873 2113 893 2199 ἡ
918 2121 979 2182 ΖΘ
1007 2119 1050 2204 τῇ
1074 2121 1139 2183 ΓΑ

119 2219 223 2303 μήκει.
260 2221 297 2285 αἱ
313 2223 384 2303 ΒΓ,
402 2224 435 2285 Γ
431 2226 464 2284 Λ
488 2217 525 2286 δὲ
549 2221 650 2307 ῥηταί
669 2223 733 2287 εἰσι
757 2219 899 2307 δυνάμει
926 2219 1039 2306 μόνον
1059 2221 1142 2308 σύμ

65 2348 100 2396 20
119 2344 245 2410 μετροι·
268 2323 324 2389 καὶ
343 2327 381 2390 αἱ
396 2329 472 2410 ΚΖ,
493 2332 554 2392 ΖΘ
577 2324 643 2414 άρα
661 2328 762 2413 ῥηταί
782 2330 847 2394 εἰσι
866 2326 1010 2412 δυνάμει
1030 2327 1141 2414 μόνον

119 2428 315 2516 σύμμετροι·
344 2429 380 2496 ἐκ
402 2429 465 2497 δύο
492 2429 669 2518 ὀνομάτων
694 2433 784 2500 ἐστὶν
807 2430 874 2519 άροι
896 2430 917 2519 ἡ
942 2438 1019 2501 ΚΘ.

185 2539 237 2604 Εἰ·
252 2534 314 2623 μὲν
338 2527 401 2603 οὖν
423 2533 445 2622 ή
465 2543 532 2604 ΒΓ
550 2548 609 2624 τῆς
628 2544 690 2606 ΓΛ
711 2545 822 2625 μεῖξον
842 2538 985 2606 δύναται
1004 2543 1052 2630 τῷ
1070 2539 1136 2608 άττδ

119 2644 309 2729 συμμέτρου
332 2643 444 2731 ἕκυτή,
467 2644 523 2710 καὶ
542 2640 562 2730 ἡ
583 2650 648 2711 ΚΖ
666 2648 725 2731 τῆς
744 2652 804 2712 ΖΘ
822 2651 934 2732 μεῖζον
953 2645 1138 2733 δυνήσεται

118 2752 163 2838 τῷ
188 2746 253 2816 άπὸ
278 2750 468 2836 συμμέτρου
488 2749 599 2839 ἑαυτῇ.
631 2752 686 2818 καὶ
706 2755 737 2819 εἰ
755 2751 815 2838 μὲν
835 2751 1023 2840 σύμμετρός
1045 2754 1137 2821 ἐστιν

66 2852 139 2940 τιή
164 2859 231 2921 ΒΓ
248 2858 287 2942 τῇ
312 2857 481 2944 ἐκκειμένῃ
505 2859 588 2945 ῥητή
617 2857 729 2944 μήκει,
761 2858 816 2926 καὶ
843 2855 865 2944 ἡ
888 2844 967 2944 ΚΖ,
1001 2863 1033 2926 εἰ
1054 2856 1137 2946 δὲή

193 3019 216 3068 1.
236 3012 302 3084 ΖΘ]
323 3015 374 3067 ΘΖ
388 3014 410 3068 Γ
426 3018 455 3070 et
468 3014 498 3068 in
512 3031 567 3069 ras.
582 3017 615 3069 V.
677 3017 743 3087 ΘΕ]
765 3033 834 3072 corr.
850 3034 884 3072 ex
898 3021 950 3072 ZE
968 3018 1002 3073 V.
1057 3039 1138 3074 τουτ·
1177 3059 1182 3071 .

122 3081 196 3139 ἐστιν
216 3114 250 3122 -
269 3089 296 3137 2.
314 3081 401 3155 πρός]
420 3083 450 3139 in'
468 3103 522 3141 ras.
541 3084 575 3141 V.
657 3093 682 3142 2.
710 3085 764 3159 ὡς]
790 3104 845 3142 om.
864 3088 899 3156 P,
928 3105 1084 3159 suprascr.
1104 3089 1139 3144 V.

156 3152 201 3226 δι’]
222 3154 373 3210 οιιι.ΒΓ.4
405 3157 614 3228 ΓΔ]ΓΔ,ΔΕ
628 3159 686 3212 BF.
742 3165 767 3213 3.
788 3157 859 3229 εἰσί]
879 3158 1012 3216 '0m.PV.
1069 3160 1137 3230 σύμ-

120 3231 314 3308 μετροι-4.
334 3223 406 3297 εἰσί]
429 3245 485 3296 mg.
504 3228 629 3309 MR.
702 3236 726 3284 3.
751 3231 821 3300 ΚΖ]
846 3235 900 3284 ΖΚ
916 3231 947 3285 Ρ.
983 3301 989 3313 ι
1021 3235 1045 3286 ὁ.
1072 3231 1138 3302 ΖΘ]

121 3299 173 3351 ΘΖ
191 3314 220 3350 1n
238 3312 292 3351 ras.
311 3294 344 3351 V.
419 3298 482 3368 ΘΖ]
502 3316 726 3356 1nras.m.rec.
746 3301 776 3354 B.
851 3309 875 3357 6.
896 3301 960 3370 ΖΘ]
980 3320 1011 3354 1n
1029 3319 1085 3358 ras.
1101 3322 1138 3356 m.

119 3383 174 3423 τοο.
194 3366 225 3438 Β,
244 3363 314 3421 ”ΘΖ
332 3368 358 3423 b.
417 3362 506 3431 οὕτως
525 3365 542 3438 ἡ
563 3369 594 3423 Β.
656 3372 718 3442 ΘΖ]
738 3366 801 3426 ’ΖΘ
819 3371 846 3426 b.
907 3379 930 3428 7.
951 3372 1015 3442 ZE]
1035 3376 1090 3426 ΕΖ
1109 3373 1139 3427 Ε.

148 3433 222 3498 οἷστε
256 3459 283 3496 -ε
302 3438 333 3496 in
352 3457 406 3498 ras.
424 3438 460 3496 V.
535 3435 590 3512 ὡς]
603 3447 673 3496 m.‘2
688 3443 723 3497 Γ.
792 3435 881 3504 οὕτως
900 3437 932 3496 τό
952 3441 1035 3497 BFb.
1114 3451 1138 3498 8.

101 3510 222 3588 κρόκης
257 3532 331 3576 erae.
349 3515 379 3575 Ε.
458 3510 533 3585 πρὸς
552 3544 588 3555 -
608 3511 764 3580 δεντὲοοις]
775 3511 966 3578 ιομοὴΒ.
1028 3515 1148 3580 Q‘OEk
