2378 3832
110 157 176 223 366
496 159 697 212 >nonnum
716 153 743 212 ι’.

110 292 383 388 ΓΔσάμμετρός
405 302 475 368 ἐστι
502 303 541 387 τῆ
571 300 740 387 ἐκκειμένῃ
769 299 851 387 ῥητῇ
879 297 992 386 μῆκει,
1017 296 1107 386 καίῆ

112 414 186 490 ΖΘ,
219 411 250 475 εί
281 407 319 474 δὲ
354 403 514 491 οὐδετέρα
545 409 614 474 τῶν
641 410 719 491 ΒΓ,
749 410 831 490 ΓΔ,
864 402 1025 494 οὐδετέρα
1053 408 1108 474 τάν

110 519 291 669 ΚΖΚίΖθόὲ
328 599 348 688 ῆ
382 607 447 670 ΒΓ
477 605 536 688 τῆς
568 606 629 668 ΓΛ
661 606 774 687 μεῖζον
806 599 949 669 δύναται
981 602 1026 691 τῷ
1055 597 1107 667 άπὸ

75 707 324 798 σάσυμμέτρου
351 708 467 797 ἑαυτῆ,
494 709 549 775 καὶ
578 703 598 793 ῆ
623 714 688 774 ΚΖ
715 709 774 792 τῆς
796 713 858 774 ΖΘ
886 711 1000 793 μεῖζον
1022 704 1107 791 ὀνιῆ

110 836 200 885 σεται
218 826 264 908 τῷ
284 812 349 882 άπὸ
372 812 585 901 ἀσυμμέτρου
600 814 710 902 ἑαυτῆ.
747 813 803 880 καὶ
817 817 848 880 εί
860 811 922 899 μὲν
938 810 1107 900 σάμμετρός

110 925 200 991 ἐστιν
224 921 244 1008 ῆ
267 926 336 989 ΒΓ
356 925 396 1009 τῆ
421 921 590 1009 ἐκκειμένῃ
615 922 697 1007 ῥητῆ
722 917 834 1006 μήκει,
861 919 918 985 καὶ
940 915 963 1004 ῆ
986 925 1064 1003 ΚΖ,
1087 920 1108 985 εί

110 1028 147 1097 δὲ
170 1026 190 1114 ῆ
214 1033 291 1114 ΓΛ,
316 1028 372 1094 καὶ
396 1023 416 1113 ῆ
442 1033 518 1110 ΖΘ,
547 1031 578 1094 εί
604 1025 641 1094 δὲ
669 1023 828 1112 οόὀετίρα
856 1035 924 1093 τῶν
949 1031 1028 1110 ΒΓ,
1049 1031 1108 1107 ΓΛ,

110 1130 269 1220 οὐδετέρα
291 1136 359 1201 τῶν
383 1139 460 1219 ΚΖ,
484 1139 554 1201 ΖΘ.

58 1262 91 1310 10
173 1237 229 1306 Ἐκ
251 1237 314 1307 ὀάο
338 1237 403 1327 άρα
423 1236 598 1326 ὀνομάτων
618 1238 708 1306 ἐστὶν
726 1234 748 1324 ῆ
763 1244 840 1322 ΚΘ,
862 1228 903 1323 ῆς
916 1235 958 1305 τά
977 1235 1111 1324 ὀνόματα

110 1345 149 1413 τά
173 1353 253 1429 ΚΖ,
278 1353 339 1412 ΖΘ
366 1343 536 1432 σίμμετρά
561 1347 657 1428 [ἐστι]
683 1357 751 1423 τοῖς
773 1347 833 1430 τῆς
855 1341 1026 1431 ἀποτομῆς
1048 1341 1109 1411 ὀνό

110 1471 190 1539 μασι
212 1465 283 1530 τοῖς
305 1456 382 1535 ΒΓ,
406 1457 468 1519 ΓΛ
489 1451 545 1520 καὶ
569 1451 605 1519 ἐν
628 1454 673 1541 τῷ
697 1448 787 1541 αὐτῷ
811 1449 917 1540 λόγῳ,
947 1450 1002 1517 καὶ
1031 1443 1112 1533 ἕτιῆ

110 1565 177 1625 ΚΘ
199 1560 238 1645 τῆ
261 1562 329 1624 ΒΓ
347 1554 409 1642 τῆν
432 1554 538 1643 αὐτὴν
563 1558 627 1639 ἕξει
650 1555 756 1637 τάξιν·
785 1554 866 1642 ὅπερ
886 1559 955 1624 ἔδει
978 1557 1088 1638 δεῖξαι.

580 1735 659 1822 ριό’.

58 1880 90 1929 15
174 1857 260 1927 Ἐὰν
293 1865 441 1947 χωρίον
471 1858 700 1946 περιέχηται
727 1856 801 1927 ὑπὸ
833 1855 1035 1945 ἀποτομῆς
1061 1858 1119 1926 καὶ

109 1968 175 2052 τῆς
214 1968 253 2034 ἐκ
290 1964 360 2034 ὀάο
396 1963 616 2051 ὀνομάτων,
654 1957 698 2051 ῆς
734 1963 779 2033 τά
817 1962 995 2052 ὀνόματα
1034 1966 1121 2051 σάμ-

109 2072 229 2160 μετρά
257 2074 299 2140 τέ
325 2072 407 2140 ἐστι
434 2085 518 2150 τοῖς
545 2075 612 2158 τῆς
637 2069 838 2158 άποτομῆς
868 2069 1040 2158 ὀνόμασι
1062 2071 1122 2138 καί

110 2181 151 2247 ἐν
174 2183 223 2269 τῷ
249 2174 350 2270 αὐτῷ
375 2178 494 2269 λόγῳ,
518 2175 538 2264 ῆ
563 2174 604 2246 τό
628 2184 775 2267 χωρίον
798 2180 1003 2264 δυναμένη
1029 2175 1122 2264 ῥῆτῆ

110 2286 227 2352 ἐστιν.
343 2346 349 2356 ,
993 2341 995 2344 Α

57 2410 105 2459 20‘
173 2390 386 2476 Περιεχέσθω
410 2388 473 2478 γάρ
500 2396 624 2477 χωρίον
647 2391 684 2458 τὸ
704 2387 770 2458 ὑπὸ
789 2395 857 2459 τῶν
875 2397 953 2477 ΑΒ,
972 2395 1037 2458 ΓΔ
1059 2389 1124 2459 ὑπὸ

109 2492 278 2582 άποτομῆς
299 2498 358 2581 τῆς
376 2503 440 2562 AB
463 2497 518 2563 καὶ
541 2499 600 2583 τῆς
623 2498 659 2565 έκ
682 2495 744 2564 ὀάο
770 2494 947 2579 ὀνομάτων
969 2501 1031 2584 τῆς
1053 2504 1126 2586 ΓΛ,

108 2595 149 2690 ῆς
171 2609 283 2690 μεῖζον
306 2601 413 2689 ὀνομα
438 2607 520 2670 ἔστω
548 2601 587 2670 τὸ
611 2609 688 2688 ΓΕ,
715 2603 772 2670 καὶ
799 2607 882 2670 ἔστω
907 2601 948 2671 τὰ
973 2602 1126 2691 ὀνόματα

108 2714 167 2795 τῆς
190 2711 225 2777 ἐκ
249 2708 311 2777 ὀάο
336 2708 512 2796 ὀνομάτων
535 2707 574 2775 τά
597 2714 671 2794 ΓΕ,
695 2716 763 2776 ΕΔ
790 2706 959 2796 σύμμετρά
989 2736 1026 2779 τε
1054 2725 1127 2790 τοῖς

107 2819 166 2898 τῆς
188 2811 358 2901 άποτομῆς
382 2813 525 2901 ὀνόμασι
548 2828 619 2894 τοῖς
642 2822 718 2901 ΑΖ,
744 2821 804 2882 ΖΒ
827 2816 884 2882 καὶ
907 2816 944 2883 έν
966 2819 1013 2907 τῷ
1034 2813 1126 2909 αὐτῷ

181 3013 204 3062 1.
225 3008 287 3078 ΓΔ]
307 3008 403 3062 ΔΓΒ
423 3013 453 3064 et
471 3026 486 3063 ο
505 3026 575 3064 corr.
597 3009 630 3065 V.
690 3017 715 3065 2.
734 3011 919 3082 ΒΓ-τάν]
937 3011 1039 3081 ροείεα
1056 3011 1124 3066 add.

108 3078 229 3132 m.1P.
307 3080 375 3134 Post
395 3084 449 3134 ΓΔ
467 3080 532 3135 add.
551 3082 604 3135 καί
619 3081 650 3149 b,
673 3099 710 3137 m.
729 3087 746 3135 2
765 3081 795 3135 F.
875 3087 900 3136 4.
925 3078 1047 3150 δύνηται
1066 3083 1124 3138 Bb.

145 3155 169 3204 5.
189 3146 346 3219 συμμέτρου
364 3149 395 3221 V,
415 3152 472 3206 sed.
489 3167 557 3217 corr.
599 3152 828 3223 -KZ]Zecorr.
843 3152 878 3222 V,
896 3155 953 3206 ΚΔ
969 3154 998 3207 Ρ.
1056 3154 1123 3224 ΖΘ]

108 3221 160 3275 ΘΖ
182 3218 213 3274 in
230 3237 286 3274 ras.
304 3219 337 3276 V.
411 3229 434 3277 6.
460 3219 618 3292 συμμέτρου
637 3223 674 3289 V,
699 3224 747 3279 sed
772 3239 842 3278 corr.
917 3229 941 3278 7.
966 3219 1064 3349 ἐστινῆ
1084 3242 1123 3279 m.

38 3354 47 3369 ι
107 3289 172 3346 ΖΕ.
237 3296 261 3345 8.
282 3292 344 3362 ΖΘ]
366 3294 417 3346 ΘΖ
435 3293 465 3348 F.
527 3296 577 3346 ΓΔ
595 3295 648 3348 καί
663 3294 688 3348 b.
755 3300 796 3349 11.
816 3292 943 3364 σάμμετα
963 3295 992 3349 Β.
1065 3296 1123 3366 στι]

107 3378 161 3419 om.
180 3362 217 3429 P,
241 3379 395 3432 suprascr.
415 3363 446 3420 V.
533 3359 670 3434 ὀνόμασιν
689 3366 720 3420 Β.
804 3371 844 3420 13.
868 3367 937 3436 ΒΓ]
962 3370 1016 3419 ΒΔ
1039 3365 1122 3420 ΡΕἾ).

142 3430 212 3506 ὀπερ
242 3431 302 3490 ἔδει
329 3435 438 3507 δεῖξαι]
468 3451 521 3490 om.
548 3435 628 3490 BFb.
720 3442 762 3491 14.
787 3432 842 3505 ριε’
862 3438 880 3490 b
904 3440 933 3490 et
955 3452 970 3490 e
995 3453 1065 3492 corr.
1092 3436 1123 3503 F,

91 3503 237 3578 m'BV.
320 3514 365 3567 17.
384 3507 429 3584 τε]
452 3526 509 3567 om.
527 3505 621 3564 BN.
693 3502 936 3576 ὀνόραοινῖἳῆ,
1001 3503 1124 3560 &Mau
