<?xml version="1.0" encoding="UTF-8"?>
<!DOCTYPE html PUBLIC "-//W3C//DTD XHTML 1.0 Transitional//EN"
    "http://www.w3.org/TR/xhtml1/DTD/xhtml1-transitional.dtd">
<html xmlns="http://www.w3.org/1999/xhtml" xml:lang="en" lang="en">
 <head>
  <title>
</title>
<meta http-equiv="Content-Type" content="text/html;charset=utf-8" />
  <meta name='ocr-system' content='tesseract 3.04.00' />
  <meta name='ocr-capabilities' content='ocr_page ocr_carea ocr_par ocr_line ocrx_word'/>
</head>
<body>
  <div class='ocr_page' id='page_1' title='image "./euclidisoperaom11unkngoog_0354.png"; bbox 0 0 2378 3832; ppageno 0'>
   <div class='ocr_carea' id='block_1_1' title="bbox 371 179 1103 246">
    <p class='ocr_par' dir='ltr' id='par_1_1' title="bbox 371 179 1103 246">
     <span class='ocr_line' id='line_1_1' title="bbox 371 179 1103 246; baseline 0.012 -18"><span class='ocrx_word' id='word_1_1' title='bbox 371 179 646 231; x_wconf 82' lang='lat' dir='ltr'><strong>ELEMENTORUM</strong></span> <span class='ocrx_word' id='word_1_2' title='bbox 663 180 772 231; x_wconf 83' lang='lat' dir='ltr'>LIBER</span> <span class='ocrx_word' id='word_1_3' title='bbox 789 182 823 233; x_wconf 91' lang='lat' dir='ltr'>X.</span> <span class='ocrx_word' id='word_1_4' title='bbox 1037 179 1103 246; x_wconf 79' lang='grc'>343</span> 
     </span>
    </p>
   </div>
   <div class='ocr_carea' id='block_1_2' title="bbox 86 320 1103 936">
    <p class='ocr_par' dir='ltr' id='par_1_2' title="bbox 86 320 1103 724">
     <span class='ocr_line' id='line_1_2' title="bbox 86 320 1103 408; baseline 0.003 -22"><span class='ocrx_word' id='word_1_5' title='bbox 86 320 400 386; x_wconf 78' lang='lat' dir='ltr'><strong>commensurabilia.</strong></span> <span class='ocrx_word' id='word_1_6' title='bbox 447 343 546 406; x_wconf 89' lang='lat' dir='ltr'>quare</span> <span class='ocrx_word' id='word_1_7' title='bbox 570 322 669 386; x_wconf 89' lang='lat' dir='ltr'>etiam</span> <span class='ocrx_word' id='word_1_8' title='bbox 693 324 766 406; x_wconf 84' lang='grc' dir='ltr'>ΓΖ,</span> <span class='ocrx_word' id='word_1_9' title='bbox 791 327 858 387; x_wconf 93' lang='grc' dir='ltr'>ΖΔ</span> <span class='ocrx_word' id='word_1_10' title='bbox 870 403 873 408; x_wconf 24' lang='grc'><em>,</em></span> <span class='ocrx_word' id='word_1_11' title='bbox 885 325 1033 408; x_wconf 88' lang='lat' dir='ltr'>potentia</span> <span class='ocrx_word' id='word_1_12' title='bbox 1055 327 1103 390; x_wconf 92' lang='lat' dir='ltr'>in·</span> 
     </span>
     <span class='ocr_line' id='line_1_3' title="bbox 87 427 1103 514; baseline 0.005 -23"><span class='ocrx_word' id='word_1_13' title='bbox 87 428 397 492; x_wconf 82' lang='lat' dir='ltr'>commensurabiles</span> <span class='ocrx_word' id='word_1_14' title='bbox 412 431 489 492; x_wconf 89' lang='lat' dir='ltr'>sunt</span> <span class='ocrx_word' id='word_1_15' title='bbox 502 427 681 493; x_wconf 84' lang='lat' dir='ltr'>efficientes</span> <span class='ocrx_word' id='word_1_16' title='bbox 696 450 857 493; x_wconf 91' lang='lat' dir='ltr'>summam</span> <span class='ocrx_word' id='word_1_17' title='bbox 869 430 1103 514; x_wconf 76' lang='lat' dir='ltr'>quadratorum</span> 
     </span>
     <span class='ocr_line' id='line_1_4' title="bbox 87 533 1103 620; baseline 0.006 -23"><span class='ocrx_word' id='word_1_18' title='bbox 87 533 227 598; x_wconf 89' lang='lat' dir='ltr'>mediam</span> <span class='ocrx_word' id='word_1_19' title='bbox 247 537 280 598; x_wconf 87' lang='lat' dir='ltr'>et</span> <span class='ocrx_word' id='word_1_20' title='bbox 298 535 524 619; x_wconf 83' lang='lat' dir='ltr'>rectangulum</span> <span class='ocrx_word' id='word_1_21' title='bbox 543 535 684 599; x_wconf 88' lang='lat' dir='ltr'>medium</span> <span class='ocrx_word' id='word_1_22' title='bbox 697 538 928 620; x_wconf 86' lang='lat' dir='ltr'>praetereaque</span> <span class='ocrx_word' id='word_1_23' title='bbox 942 558 1103 603; x_wconf 88' lang='lat' dir='ltr'>summam</span> 
     </span>
     <span class='ocr_line' id='line_1_5' title="bbox 89 623 925 724; baseline 0.002 -20"><span class='ocrx_word' id='word_1_24' title='bbox 89 639 324 724; x_wconf 75' lang='lat' dir='ltr'>quadratorum</span> <span class='ocrx_word' id='word_1_25' title='bbox 345 623 534 724; x_wconf 73' lang='lat' dir='ltr'>rectiangulo</span> <span class='ocrx_word' id='word_1_26' title='bbox 557 639 925 706; x_wconf 88' lang='lat' dir='ltr'>incommensurabilem.</span> 
     </span>
    </p>

    <p class='ocr_par' dir='ltr' id='par_1_3' title="bbox 86 744 1102 936">
     <span class='ocr_line' id='line_1_6' title="bbox 154 744 1102 830; baseline 0.003 -21"><span class='ocrx_word' id='word_1_27' title='bbox 154 744 244 830; x_wconf 81' lang='lat' dir='ltr'>Ergo</span> <span class='ocrx_word' id='word_1_28' title='bbox 268 748 330 810; x_wconf 88' lang='grc' dir='ltr'>ΓΔ</span> <span class='ocrx_word' id='word_1_29' title='bbox 352 749 441 811; x_wconf 88' lang='lat' dir='ltr'>recta</span> <span class='ocrx_word' id='word_1_30' title='bbox 464 751 516 812; x_wconf 85' lang='lat' dir='ltr'>cst</span> <span class='ocrx_word' id='word_1_31' title='bbox 538 745 740 811; x_wconf 84' lang='lat' dir='ltr'>commedio</span> <span class='ocrx_word' id='word_1_32' title='bbox 764 748 869 810; x_wconf 88' lang='lat' dir='ltr'>totum</span> <span class='ocrx_word' id='word_1_33' title='bbox 894 747 1034 811; x_wconf 91' lang='lat' dir='ltr'>medium</span> <span class='ocrx_word' id='word_1_34' title='bbox 1058 747 1102 812; x_wconf 84' lang='lat' dir='ltr'>cf·</span> 
     </span>
     <span class='ocr_line' id='line_1_7' title="bbox 86 850 1071 936; baseline 0.004 -22"><span class='ocrx_word' id='word_1_35' title='bbox 86 851 198 915; x_wconf 90' lang='lat' dir='ltr'>ficiens</span> <span class='ocrx_word' id='word_1_36' title='bbox 224 853 328 936; x_wconf 89' lang='lat' dir='ltr'>[prop.</span> <span class='ocrx_word' id='word_1_37' title='bbox 351 850 549 936; x_wconf 83' lang='lat' dir='ltr'><strong>LXXVHI];</strong></span> <span class='ocrx_word' id='word_1_38' title='bbox 572 852 660 936; x_wconf 92' lang='lat' dir='ltr'>quod</span> <span class='ocrx_word' id='word_1_39' title='bbox 683 855 753 916; x_wconf 93' lang='lat' dir='ltr'>erat</span> <span class='ocrx_word' id='word_1_40' title='bbox 775 852 1071 918; x_wconf 87' lang='lat' dir='ltr'>demonstrandum.</span> 
     </span>
    </p>
   </div>
   <div class='ocr_carea' id='block_1_3' title="bbox 536 1043 655 1134">
    <p class='ocr_par' dir='ltr' id='par_1_4' title="bbox 536 1043 655 1134">
     <span class='ocr_line' id='line_1_8' title="bbox 536 1043 655 1134; baseline -0.008 -23"><span class='ocrx_word' id='word_1_41' title='bbox 536 1043 655 1134; x_wconf 78' lang='lat' dir='ltr'>cvm.</span> 
     </span>
    </p>
   </div>
   <div class='ocr_carea' id='block_1_4' title="bbox 20 1166 1153 3142">
    <p class='ocr_par' dir='ltr' id='par_1_5' title="bbox 85 1166 1102 1465">
     <span class='ocr_line' id='line_1_9' title="bbox 155 1166 1100 1255; baseline 0.003 -22"><span class='ocrx_word' id='word_1_42' title='bbox 155 1166 269 1252; x_wconf 84' lang='lat' dir='ltr'>Spatia</span> <span class='ocrx_word' id='word_1_43' title='bbox 289 1169 396 1234; x_wconf 88' lang='lat' dir='ltr'>medio</span> <span class='ocrx_word' id='word_1_44' title='bbox 416 1192 435 1233; x_wconf 89' lang='lat' dir='ltr'>a</span> <span class='ocrx_word' id='word_1_45' title='bbox 454 1169 611 1235; x_wconf 76' lang='lat' dir='ltr'>rationali</span> <span class='ocrx_word' id='word_1_46' title='bbox 624 1170 734 1235; x_wconf 89' lang='lat' dir='ltr'>ablato</span> <span class='ocrx_word' id='word_1_47' title='bbox 748 1175 838 1236; x_wconf 85' lang='lat' dir='ltr'>rocta</span> <span class='ocrx_word' id='word_1_48' title='bbox 852 1170 978 1255; x_wconf 91' lang='lat' dir='ltr'>reliquo</span> <span class='ocrx_word' id='word_1_49' title='bbox 994 1171 1100 1254; x_wconf 88' lang='lat' dir='ltr'>spatio</span> 
     </span>
     <span class='ocr_line' id='line_1_10' title="bbox 85 1275 1102 1359; baseline 0.003 -20"><span class='ocrx_word' id='word_1_50' title='bbox 85 1275 232 1359; x_wconf 87' lang='lat' dir='ltr'>aequalis</span> <span class='ocrx_word' id='word_1_51' title='bbox 256 1275 415 1359; x_wconf 87' lang='lat' dir='ltr'>quadrata</span> <span class='ocrx_word' id='word_1_52' title='bbox 435 1275 594 1341; x_wconf 85' lang='lat' dir='ltr'>alterutra</span> <span class='ocrx_word' id='word_1_53' title='bbox 612 1278 772 1342; x_wconf 85' lang='lat' dir='ltr'>rectarum</span> <span class='ocrx_word' id='word_1_54' title='bbox 790 1276 1031 1342; x_wconf 74' lang='lat' dir='ltr'>irrationalium</span> <span class='ocrx_word' id='word_1_55' title='bbox 1050 1280 1102 1342; x_wconf 87' lang='lat' dir='ltr'>est</span> 
     </span>
     <span class='ocr_line' id='line_1_11' title="bbox 86 1365 765 1465; baseline 0.003 -20"><span class='ocrx_word' id='word_1_56' title='bbox 86 1385 144 1445; x_wconf 88' lang='lat' dir='ltr'>aut</span> <span class='ocrx_word' id='word_1_57' title='bbox 168 1384 318 1465; x_wconf 82' lang='lat' dir='ltr'>apotome</span> <span class='ocrx_word' id='word_1_58' title='bbox 342 1386 399 1446; x_wconf 88' lang='lat' dir='ltr'>aut</span> <span class='ocrx_word' id='word_1_59' title='bbox 423 1381 536 1447; x_wconf 89' lang='lat' dir='ltr'>minor.</span> <span class='ocrx_word' id='word_1_60' title='bbox 759 1365 765 1375; x_wconf 48' lang='lat'>⁸</span> 
     </span>
    </p>

    <p class='ocr_par' dir='ltr' id='par_1_6' title="bbox 84 1487 1101 1870">
     <span class='ocr_line' id='line_1_12' title="bbox 153 1487 1101 1571; baseline 0.004 -19"><span class='ocrx_word' id='word_1_61' title='bbox 153 1510 230 1553; x_wconf 91' lang='lat' dir='ltr'>nam</span> <span class='ocrx_word' id='word_1_62' title='bbox 251 1511 270 1552; x_wconf 91' lang='lat' dir='ltr'>a</span> <span class='ocrx_word' id='word_1_63' title='bbox 289 1489 396 1571; x_wconf 87' lang='lat' dir='ltr'>spatio</span> <span class='ocrx_word' id='word_1_64' title='bbox 419 1487 573 1554; x_wconf 87' lang='lat' dir='ltr'>rationali</span> <span class='ocrx_word' id='word_1_65' title='bbox 591 1492 658 1554; x_wconf 89' lang='grc' dir='ltr'>ΒΓ</span> <span class='ocrx_word' id='word_1_66' title='bbox 676 1489 818 1555; x_wconf 89' lang='lat' dir='ltr'>medium</span> <span class='ocrx_word' id='word_1_67' title='bbox 840 1489 1005 1554; x_wconf 88' lang='lat' dir='ltr'>auferatur</span> <span class='ocrx_word' id='word_1_68' title='bbox 1024 1495 1101 1556; x_wconf 84' lang='lat' dir='ltr'>BA.</span> 
     </span>
     <span class='ocr_line' id='line_1_13' title="bbox 85 1593 1100 1679; baseline 0.006 -23"><span class='ocrx_word' id='word_1_69' title='bbox 85 1593 174 1676; x_wconf 84' lang='lat' dir='ltr'>dico,</span> <span class='ocrx_word' id='word_1_70' title='bbox 201 1596 325 1658; x_wconf 87' lang='lat' dir='ltr'>rectam</span> <span class='ocrx_word' id='word_1_71' title='bbox 352 1593 478 1677; x_wconf 85' lang='lat' dir='ltr'>reliquo</span> <span class='ocrx_word' id='word_1_72' title='bbox 502 1596 567 1659; x_wconf 86' lang='grc' dir='ltr'>ΕΓ</span> <span class='ocrx_word' id='word_1_73' title='bbox 592 1596 760 1679; x_wconf 87' lang='lat' dir='ltr'>aequalem</span> <span class='ocrx_word' id='word_1_74' title='bbox 788 1595 980 1679; x_wconf 84' lang='lat' dir='ltr'>quadratam</span> <span class='ocrx_word' id='word_1_75' title='bbox 1004 1598 1100 1662; x_wconf 89' lang='lat' dir='ltr'>alter·</span> 
     </span>
     <span class='ocr_line' id='line_1_14' title="bbox 84 1700 1101 1784; baseline 0.005 -22"><span class='ocrx_word' id='word_1_76' title='bbox 84 1702 193 1763; x_wconf 87' lang='lat' dir='ltr'>utram</span> <span class='ocrx_word' id='word_1_77' title='bbox 216 1703 376 1763; x_wconf 85' lang='lat' dir='ltr'>rectarum</span> <span class='ocrx_word' id='word_1_78' title='bbox 400 1700 639 1765; x_wconf 88' lang='lat' dir='ltr'>irrationalium</span> <span class='ocrx_word' id='word_1_79' title='bbox 663 1723 732 1765; x_wconf 88' lang='lat' dir='ltr'>esse</span> <span class='ocrx_word' id='word_1_80' title='bbox 761 1704 819 1764; x_wconf 90' lang='lat' dir='ltr'>aut</span> <span class='ocrx_word' id='word_1_81' title='bbox 843 1704 1019 1784; x_wconf 89' lang='lat' dir='ltr'>apotomen</span> <span class='ocrx_word' id='word_1_82' title='bbox 1043 1706 1101 1767; x_wconf 89' lang='lat' dir='ltr'>aut</span> 
     </span>
     <span class='ocr_line' id='line_1_15' title="bbox 84 1805 730 1870; baseline -0.009 -1"><span class='ocrx_word' id='word_1_83' title='bbox 84 1805 252 1870; x_wconf 90' lang='lat' dir='ltr'>minorem.</span> <span class='ocrx_word' id='word_1_84' title='bbox 728 1814 730 1818; x_wconf 81' lang='grc'>’</span> 
     </span>
    </p>

    <p class='ocr_par' dir='ltr' id='par_1_7' title="bbox 20 1912 1100 2212">
     <span class='ocr_line' id='line_1_16' title="bbox 152 1912 1100 1998; baseline 0.004 -24"><span class='ocrx_word' id='word_1_85' title='bbox 152 1914 295 1996; x_wconf 89' lang='lat' dir='ltr'>ponatur</span> <span class='ocrx_word' id='word_1_86' title='bbox 313 1912 401 1976; x_wconf 89' lang='lat' dir='ltr'>enim</span> <span class='ocrx_word' id='word_1_87' title='bbox 418 1912 590 1977; x_wconf 87' lang='lat' dir='ltr'>rationalis</span> <span class='ocrx_word' id='word_1_88' title='bbox 609 1915 688 1994; x_wconf 87' lang='grc' dir='ltr'>ΖΗ,</span> <span class='ocrx_word' id='word_1_89' title='bbox 712 1916 745 1976; x_wconf 88' lang='lat' dir='ltr'>et</span> <span class='ocrx_word' id='word_1_90' title='bbox 764 1913 871 1995; x_wconf 89' lang='lat' dir='ltr'>spatio</span> <span class='ocrx_word' id='word_1_91' title='bbox 886 1916 952 1977; x_wconf 89' lang='grc' dir='ltr'>ΒΓ</span> <span class='ocrx_word' id='word_1_92' title='bbox 966 1913 1100 1998; x_wconf 88' lang='lat' dir='ltr'>aequale</span> 
     </span>
     <span class='ocr_line' id='line_1_17' title="bbox 83 2006 1100 2109; baseline 0.001 -26"><span class='ocrx_word' id='word_1_93' title='bbox 83 2021 193 2083; x_wconf 88' lang='lat' dir='ltr'>rectae</span> <span class='ocrx_word' id='word_1_94' title='bbox 218 2019 288 2081; x_wconf 88' lang='lat' dir='ltr'>ZH</span> <span class='ocrx_word' id='word_1_95' title='bbox 307 2016 486 2101; x_wconf 80' lang='lat' dir='ltr'>adplicetur</span> <span class='ocrx_word' id='word_1_96' title='bbox 507 2018 734 2109; x_wconf 79' lang='lat' dir='ltr'>rectangulum</span> <span class='ocrx_word' id='word_1_97' title='bbox 756 2022 838 2103; x_wconf 83' lang='grc' dir='ltr'>ΗΘ,</span> <span class='ocrx_word' id='word_1_98' title='bbox 863 2006 968 2103; x_wconf 86' lang='lat' dir='ltr'>spatio</span> <span class='ocrx_word' id='word_1_99' title='bbox 992 2022 1100 2084; x_wconf 84' lang='lat' dir='ltr'>autem</span> 
     </span>
     <span class='ocr_line' id='line_1_18' title="bbox 20 2122 1099 2212; baseline 0.001 -23"><span class='ocrx_word' id='word_1_100' title='bbox 20 2202 24 2212; x_wconf 35' lang='grc' dir='ltr'>Ι</span> <span class='ocrx_word' id='word_1_101' title='bbox 85 2128 153 2189; x_wconf 87' lang='grc' dir='ltr'>ΔΒ</span> <span class='ocrx_word' id='word_1_102' title='bbox 169 2124 303 2207; x_wconf 90' lang='lat' dir='ltr'>aequale</span> <span class='ocrx_word' id='word_1_103' title='bbox 324 2122 488 2188; x_wconf 86' lang='lat' dir='ltr'>auferatur</span> <span class='ocrx_word' id='word_1_104' title='bbox 501 2127 581 2189; x_wconf 89' lang='lat' dir='ltr'>HK.</span> <span class='ocrx_word' id='word_1_105' title='bbox 612 2125 723 2208; x_wconf 87' lang='lat' dir='ltr'>itaque</span> <span class='ocrx_word' id='word_1_106' title='bbox 736 2125 896 2209; x_wconf 90' lang='lat' dir='ltr'>reliquum</span> <span class='ocrx_word' id='word_1_107' title='bbox 911 2129 1099 2190; x_wconf 76' lang='lat' dir='ltr'>nr=Aa</span> 
     </span>
    </p>

    <p class='ocr_par' dir='ltr' id='par_1_8' title="bbox 700 2231 1100 2315">
     <span class='ocr_line' id='line_1_19' title="bbox 700 2231 1100 2315; baseline 0.005 -21"><span class='ocrx_word' id='word_1_108' title='bbox 700 2231 766 2294; x_wconf 90' lang='lat' dir='ltr'>iam</span> <span class='ocrx_word' id='word_1_109' title='bbox 790 2231 943 2315; x_wconf 86' lang='lat' dir='ltr'>quoniam</span> <span class='ocrx_word' id='word_1_110' title='bbox 968 2235 1033 2296; x_wconf 90' lang='grc' dir='ltr'>ΒΓ</span> <span class='ocrx_word' id='word_1_111' title='bbox 1051 2254 1100 2296; x_wconf 92' lang='lat' dir='ltr'>ra-</span> 
     </span>
    </p>

    <p class='ocr_par' dir='ltr' id='par_1_9' title="bbox 699 2337 1099 2423">
     <span class='ocr_line' id='line_1_20' title="bbox 699 2337 1099 2423; baseline 0.008 -23"><span class='ocrx_word' id='word_1_112' title='bbox 699 2337 822 2401; x_wconf 88' lang='lat' dir='ltr'>tionale</span> <span class='ocrx_word' id='word_1_113' title='bbox 837 2340 895 2423; x_wconf 80' lang='lat' dir='ltr'>est,</span> <span class='ocrx_word' id='word_1_114' title='bbox 909 2342 977 2402; x_wconf 86' lang='lat' dir='ltr'>BA</span> <span class='ocrx_word' id='word_1_115' title='bbox 991 2342 1099 2403; x_wconf 81' lang='lat' dir='ltr'>autam</span> 
     </span>
    </p>

    <p class='ocr_par' dir='ltr' id='par_1_10' title="bbox 700 2442 1099 2529">
     <span class='ocr_line' id='line_1_21' title="bbox 700 2442 1099 2529; baseline 0.008 -23"><span class='ocrx_word' id='word_1_116' title='bbox 700 2442 850 2529; x_wconf 81' lang='lat' dir='ltr'>medium,</span> <span class='ocrx_word' id='word_1_117' title='bbox 862 2448 895 2509; x_wconf 89' lang='lat' dir='ltr'>et</span> <span class='ocrx_word' id='word_1_118' title='bbox 906 2448 1012 2509; x_wconf 81' lang='lat' dir='ltr'>BF=</span> <span class='ocrx_word' id='word_1_119' title='bbox 1020 2448 1099 2526; x_wconf 88' lang='grc' dir='ltr'>ΗΘ,</span> 
     </span>
    </p>

    <p class='ocr_par' dir='ltr' id='par_1_11' title="bbox 700 2551 1099 2632">
     <span class='ocr_line' id='line_1_22' title="bbox 700 2551 1099 2632; baseline 0.003 -19"><span class='ocrx_word' id='word_1_120' title='bbox 700 2553 764 2613; x_wconf 88' lang='grc' dir='ltr'>ΒΔ</span> <span class='ocrx_word' id='word_1_121' title='bbox 773 2578 816 2602; x_wconf 84' lang='lat'>=</span> <span class='ocrx_word' id='word_1_122' title='bbox 826 2554 905 2632; x_wconf 88' lang='lat' dir='ltr'>HK,</span> <span class='ocrx_word' id='word_1_123' title='bbox 920 2553 987 2614; x_wconf 87' lang='grc' dir='ltr'>ΗΘ</span> <span class='ocrx_word' id='word_1_124' title='bbox 1001 2551 1099 2614; x_wconf 90' lang='lat' dir='ltr'>ratio·</span> 
     </span>
    </p>

    <p class='ocr_par' dir='ltr' id='par_1_12' title="bbox 660 2640 1099 2825">
     <span class='ocr_line' id='line_1_23' title="bbox 660 2640 1098 2738; baseline 0 -20"><span class='ocrx_word' id='word_1_125' title='bbox 660 2645 661 2648; x_wconf 26' lang='lat'>¹</span> <span class='ocrx_word' id='word_1_126' title='bbox 699 2657 774 2719; x_wconf 90' lang='lat' dir='ltr'>nale</span> <span class='ocrx_word' id='word_1_127' title='bbox 801 2640 863 2738; x_wconf 82' lang='lat' dir='ltr'>est,</span> <span class='ocrx_word' id='word_1_128' title='bbox 891 2657 965 2718; x_wconf 86' lang='lat' dir='ltr'>HK</span> <span class='ocrx_word' id='word_1_129' title='bbox 990 2657 1098 2718; x_wconf 87' lang='lat' dir='ltr'>autem</span> 
     </span>
     <span class='ocr_line' id='line_1_24' title="bbox 699 2760 1099 2825; baseline 0.003 -2"><span class='ocrx_word' id='word_1_130' title='bbox 699 2760 850 2825; x_wconf 88' lang='lat' dir='ltr'>medium.</span> <span class='ocrx_word' id='word_1_131' title='bbox 891 2763 924 2824; x_wconf 90' lang='lat' dir='ltr'>et</span> <span class='ocrx_word' id='word_1_132' title='bbox 946 2760 1099 2825; x_wconf 88' lang='lat' dir='ltr'>rationali</span> 
     </span>
    </p>

    <p class='ocr_par' dir='ltr' id='par_1_13' title="bbox 634 2865 1099 2969">
     <span class='ocr_line' id='line_1_25' title="bbox 634 2865 1099 2969; baseline 0.002 -40"><span class='ocrx_word' id='word_1_133' title='bbox 634 2919 664 2969; x_wconf 76' lang='grc' dir='ltr'><em>Η</em></span> <span class='ocrx_word' id='word_1_134' title='bbox 702 2870 772 2930; x_wconf 90' lang='grc' dir='ltr'>ΖΗ</span> <span class='ocrx_word' id='word_1_135' title='bbox 811 2865 974 2949; x_wconf 86' lang='lat' dir='ltr'>adplicata</span> <span class='ocrx_word' id='word_1_136' title='bbox 1015 2869 1099 2930; x_wconf 91' lang='lat' dir='ltr'>sunt.</span> 
     </span>
    </p>

    <p class='ocr_par' dir='ltr' id='par_1_14' title="bbox 482 2972 1153 3142">
     <span class='ocr_line' id='line_1_26' title="bbox 482 2972 1153 3058; baseline 0.003 -24"><span class='ocrx_word' id='word_1_137' title='bbox 482 3047 487 3058; x_wconf 95' lang='lat'>.</span> <span class='ocrx_word' id='word_1_138' title='bbox 569 2989 575 2993; x_wconf 89' lang='grc'><em>·</em></span> <span class='ocrx_word' id='word_1_139' title='bbox 632 2990 639 3001; x_wconf 74' lang='grc'>’</span> <span class='ocrx_word' id='word_1_140' title='bbox 700 2972 811 3056; x_wconf 90' lang='lat' dir='ltr'>itaque</span> <span class='ocrx_word' id='word_1_141' title='bbox 839 2975 900 3036; x_wconf 89' lang='grc' dir='ltr'>ΖΘ</span> <span class='ocrx_word' id='word_1_142' title='bbox 926 2972 1098 3036; x_wconf 86' lang='lat' dir='ltr'>rationalis</span> <span class='ocrx_word' id='word_1_143' title='bbox 1151 3046 1153 3050; x_wconf 23' lang='lat'>¹</span> 
     </span>
     <span class='ocr_line' id='line_1_27' title="bbox 701 3079 1097 3142; baseline 0 0"><span class='ocrx_word' id='word_1_144' title='bbox 701 3084 751 3142; x_wconf 89' lang='lat' dir='ltr'>est</span> <span class='ocrx_word' id='word_1_145' title='bbox 769 3084 802 3142; x_wconf 89' lang='lat' dir='ltr'>et</span> <span class='ocrx_word' id='word_1_146' title='bbox 819 3084 926 3142; x_wconf 88' lang='lat' dir='ltr'>rectae</span> <span class='ocrx_word' id='word_1_147' title='bbox 946 3081 1012 3141; x_wconf 88' lang='lat' dir='ltr'>ZH</span> <span class='ocrx_word' id='word_1_148' title='bbox 1031 3079 1097 3142; x_wconf 93' lang='lat' dir='ltr'>lon-</span> 
     </span>
    </p>
   </div>
   <div class='ocr_carea' id='block_1_5' title="bbox 635 3150 1098 3270">
    <p class='ocr_par' dir='ltr' id='par_1_15' title="bbox 635 3150 1098 3270">
     <span class='ocr_line' id='line_1_28' title="bbox 635 3150 1098 3270; baseline -0.006 -22"><span class='ocrx_word' id='word_1_149' title='bbox 635 3150 656 3200; x_wconf 73' lang='lat' dir='ltr'>Z</span> <span class='ocrx_word' id='word_1_150' title='bbox 700 3184 845 3270; x_wconf 84' lang='lat' dir='ltr'>gitudinc</span> <span class='ocrx_word' id='word_1_151' title='bbox 861 3204 1098 3248; x_wconf 90' lang='lat' dir='ltr'>commensura·</span> 
     </span>
    </p>
   </div>
   <div class='ocr_carea' id='block_1_6' title="bbox 83 3278 1123 3589">
    <p class='ocr_par' dir='ltr' id='par_1_16' title="bbox 83 3278 1123 3589">
     <span class='ocr_line' id='line_1_29' title="bbox 83 3278 1106 3376; baseline -0.004 -20"><span class='ocrx_word' id='word_1_152' title='bbox 83 3291 161 3356; x_wconf 90' lang='lat' dir='ltr'>bilis</span> <span class='ocrx_word' id='word_1_153' title='bbox 187 3293 291 3376; x_wconf 90' lang='lat' dir='ltr'>[prop.</span> <span class='ocrx_word' id='word_1_154' title='bbox 314 3289 391 3372; x_wconf 88' lang='lat' dir='ltr'>XX]</span> <span class='ocrx_word' id='word_1_155' title='bbox 398 3341 407 3372; x_wconf 90' lang='lat'>‚</span> <span class='ocrx_word' id='word_1_156' title='bbox 430 3293 497 3355; x_wconf 85' lang='grc' dir='ltr'>ΖΚ</span> <span class='ocrx_word' id='word_1_157' title='bbox 519 3293 627 3354; x_wconf 87' lang='lat' dir='ltr'>autern</span> <span class='ocrx_word' id='word_1_158' title='bbox 650 3289 819 3360; x_wconf 87' lang='lat' dir='ltr'>rationalis</span> <span class='ocrx_word' id='word_1_159' title='bbox 844 3293 877 3354; x_wconf 89' lang='lat' dir='ltr'>et</span> <span class='ocrx_word' id='word_1_160' title='bbox 898 3293 1005 3354; x_wconf 87' lang='lat' dir='ltr'>rectae</span> <span class='ocrx_word' id='word_1_161' title='bbox 1030 3278 1106 3353; x_wconf 83' lang='grc' dir='ltr'>ΖΗ</span> 
     </span>
     <span class='ocr_line' id='line_1_30' title="bbox 83 3394 1098 3497; baseline -0.006 -35"><span class='ocrx_word' id='word_1_162' title='bbox 83 3399 289 3497; x_wconf 83' lang='lat' dir='ltr'>longitudine</span> <span class='ocrx_word' id='word_1_163' title='bbox 320 3396 656 3461; x_wconf 88' lang='lat' dir='ltr'>incommensurabilis</span> <span class='ocrx_word' id='word_1_164' title='bbox 691 3398 793 3480; x_wconf 90' lang='lat' dir='ltr'>[prop.</span> <span class='ocrx_word' id='word_1_165' title='bbox 824 3394 944 3475; x_wconf 66' lang='lat' dir='ltr'>XXII}</span> <span class='ocrx_word' id='word_1_166' title='bbox 1000 3415 1098 3478; x_wconf 86' lang='lat' dir='ltr'>quare</span> 
     </span>
     <span class='ocr_line' id='line_1_31' title="bbox 85 3500 1123 3589; baseline -0.012 -20"><span class='ocrx_word' id='word_1_167' title='bbox 85 3509 164 3581; x_wconf 83' lang='grc' dir='ltr'>ΖΘ,</span> <span class='ocrx_word' id='word_1_168' title='bbox 187 3507 256 3567; x_wconf 86' lang='grc' dir='ltr'>ΖΚ</span> <span class='ocrx_word' id='word_1_169' title='bbox 282 3502 486 3589; x_wconf 82' lang='lat' dir='ltr'>longitudine</span> <span class='ocrx_word' id='word_1_170' title='bbox 514 3500 869 3570; x_wconf 59' lang='lat' dir='ltr'>incomprensurannes</span> <span class='ocrx_word' id='word_1_171' title='bbox 893 3503 978 3562; x_wconf 64' lang='lat' dir='ltr'>sam</span> <span class='ocrx_word' id='word_1_172' title='bbox 992 3501 1123 3571; x_wconf 48' lang='lat' dir='ltr'>&amp;pusa-</span> 
     </span>
    </p>
   </div>
   <div class='ocr_carea' id='block_1_7' title="bbox 0 0 1194 3832">
    <p class='ocr_par' dir='ltr' id='par_1_17' title="bbox 0 0 1194 3832">
     <span class='ocr_line' id='line_1_32' title="bbox 0 0 1194 3832; baseline 0 0"><span class='ocrx_word' id='word_1_173' title='bbox 0 0 1194 3832; x_wconf 95' lang='lat' dir='ltr'> </span> 
     </span>
    </p>
   </div>
  </div>
 </body>
</html>
