2378 3832
112 155 176 220 130
408 114 413 121 ’
497 157 699 211 mommsen
718 154 745 212 ι’.

589 343 648 402 με.

172 437 217 507 Ἡ
231 444 374 525 μείζων
397 438 556 506 κατὰτὸ
576 437 670 508 αὐτὸ
691 439 818 526 μόνον
840 455 1007 528 σημεῖον
1027 445 1126 508 διαι-

110 559 247 633 ρεῖται.

167 651 275 721 Ἔστω
303 657 423 739 μείζων
445 650 466 738 ἡ
492 659 556 719 ΑΒ
585 654 769 740 διῃρημένη
797 650 880 720 κατᾶ
907 651 944 721 τὸ
969 659 1012 738 Γ,
1045 652 1127 721 ὥστε

75 759 167 839 ςτάς
190 765 264 846 ΑΓ,
289 766 350 828 ΓΒ
374 758 515 845 δυνάμει
537 755 769 844 ἀσυμμέτρους
791 757 878 827 εἶναι
901 759 1068 840 ποιούσας
1088 759 1124 829 τὸ

109 865 170 952 μέν
194 870 413 951 συγκείμενον
434 864 469 930 ἐκ
486 867 556 931 τῶν
574 860 640 932 ἀπὸ
659 868 727 932 τῶν
741 875 773 932 Α
779 872 817 951 Γ,
832 869 893 932 ΓΒ
907 866 1123 954 τετραγώνων

109 971 228 1060 ῥητόν,
258 973 295 1040 τὸ
324 968 351 1038 δ’
376 967 442 1037 ὑπὸ
471 973 540 1038 τῶν
563 978 639 1058 ΑΓ,
663 976 723 1039 ΓΒ
747 972 864 1058 μέσον
902 974 1004 1058 λέγω,
1032 964 1125 1058 ὅτιὴ

110 1086 173 1146 ΑΒ
197 1074 264 1144 κατ’
290 1073 370 1144 ἀλλο
395 1091 534 1162 σημεῖον
558 1075 600 1144 οὐ
623 1081 808 1166 διαιρεῖται.

175 1187 220 1250 Εἰ
241 1181 305 1270 γὰρ
331 1181 492 1269 δυνατόν,
522 1181 699 1271 διῃρήσθω
726 1183 782 1250 καὶ
805 1180 888 1250 κατὰ
911 1182 950 1251 τὸ
975 1192 1020 1270 Δ,
1043 1182 1126 1252 ὥστε

58 1320 91 1368 10
109 1289 165 1357 καὶ
186 1287 245 1369 τὰς
268 1296 353 1374 ΑΛ,
378 1296 443 1356 ΛΒ
469 1288 608 1375 δυνάμει
638 1286 868 1378 ἀσυμμέτρους
897 1286 984 1357 εἶναι
1012 1289 1127 1358 ποιοέε

109 1416 170 1476 σας
191 1393 229 1464 τὸ
253 1394 314 1481 μὲν
338 1401 556 1481 συγκείμενον
581 1397 616 1462 ἐκ
634 1398 702 1463 τῶν
722 1391 786 1463 ἀπὸ
805 1399 875 1464 τῶν
890 1403 971 1483 ΑΛ,
987 1403 1051 1464 ΔΒ
1071 1399 1129 1483 ρη-

108 1502 183 1587 τόν,
210 1501 248 1571 τὸ
277 1498 306 1569 δ
335 1499 388 1569 ὑπ’
419 1499 531 1569 αὐτῶν
559 1501 672 1587 μέσον.
717 1502 773 1568 καὶ
801 1503 886 1587 ἐπεί,
915 1493 942 1594 ᾧ
971 1503 1128 1590 διαφέρει

108 1607 148 1676 τδι
172 1607 237 1678 ἀπὸ
261 1612 328 1677 τῶν
351 1612 426 1694 ΑΓ,
451 1611 511 1675 ΓΒ
535 1618 603 1676 τῶν
626 1605 692 1675 ἀπὸ
716 1617 784 1676 τῶν
803 1615 885 1693 ΑΔ,
911 1615 944 1674 Δ
952 1615 993 1694 Β,
1017 1608 1128 1701 τούτῳ

109 1717 261 1805 διαφέρει
288 1715 343 1782 καὶ
370 1713 407 1783 τὸ
438 1715 490 1794 δὶς
516 1711 581 1783 ὑπὸ
606 1717 676 1782 τῶν
694 1723 780 1800 ΑΔ,
805 1723 872 1783 ΔΒ
895 1719 957 1783 τοῦ
983 1716 1036 1795 δὶς
1059 1713 1128 1785 ὑπὸ

59 1850 91 1899 15
110 1835 178 1892 τῶν
202 1829 281 1909 ΑΓ,
305 1829 381 1909 ΓΒ,
409 1819 495 1889 ἀλλὰ
523 1819 562 1888 τά
592 1819 657 1889 ἀπὸ
685 1825 754 1890 τῶν
776 1828 853 1908 ΑΓ,
881 1829 942 1891 ΓΒ
966 1825 1035 1890 τῶν
1062 1820 1128 1891 ἀπὸ

109 1940 177 1998 τῶν
204 1939 290 2014 ΑΔ,
314 1935 381 1995 ΛΒ
409 1925 560 2014 ὑπερέχει
592 1929 693 2017 ῥητῷ·
730 1925 813 2015 ρητά
846 1926 911 2013 γὰρ
939 1925 1129 2016 ἀμφότερα·

109 2036 165 2102 καὶ
187 2032 224 2102 τὸ
249 2035 301 2113 δὶς
324 2031 390 2101 ὑπὸ
413 2037 481 2100 τῶν
504 2040 590 2117 ΑΛ,
614 2040 681 2100 ΔΒ
705 2031 771 2121 ἀρα
793 2037 854 2101 τοῦ
884 2033 936 2113 δὶς
962 2030 1030 2101 ὑπὸ
1059 2044 1128 2102 τοῖν

110 2146 185 2225 ΑΓ,
212 2145 269 2207 ΓΒ
293 2137 444 2226 ὑπερέχει
471 2140 560 2229 ῥητῷ
587 2139 671 2224 μέσα
695 2136 789 2205 ὅντα·
827 2137 908 2225 ὅπερ
932 2140 1025 2207 ἐστὶν
1048 2138 1126 2208 ἀδδ

111 2270 223 2313 νατον.
261 2243 324 2312 οὐκ
348 2241 452 2332 ἀραὴ
476 2249 596 2329 μείζων
619 2241 686 2311 κατ’
713 2242 794 2312 ἀλλο
812 2245 868 2313 καὶ
886 2242 968 2313 ἀλλο
987 2260 1129 2334 σημεῖον

57 2379 92 2428 20
111 2357 302 2440 διαιρεῖται·
331 2348 414 2417 κατὰ
438 2353 475 2418 τδ
499 2347 581 2417 αὐτὸ
606 2347 671 2437 ἀρα
695 2349 802 2436 μόνον
826 2355 1018 2439 διαιρεῖται·
1046 2350 1129 2440 ὅπερ

110 2463 178 2526 ἔδει
204 2458 316 2537 δεῖξαι.

586 2561 648 2648 με’.

172 2686 217 2754 Ἡ
236 2686 359 2774 ῥητὸν
381 2687 446 2753 καὶ
465 2687 810 2775 μέσονζδυναμένη
830 2685 914 2754 καθ’
937 2690 978 2755 ἓν
998 2689 1126 2774 μόνον

111 2793 277 2878 σημεῖον
301 2797 530 2880 διαιρεῖται.

56 2926 91 2976 25
167 2897 276 2966 Ἔστω
300 2898 403 2986 ῥητὸν
425 2897 481 2964 καὶ
504 2897 606 2983 μέσον
627 2899 797 2984 δυναμένη
816 2896 836 2984 ἡ
856 2904 922 2965 ΑΒ
942 2901 1124 2986 διηρημένη

109 3005 191 3073 κατὰ
215 3006 253 3073 τὸ
277 3012 309 3073 Γ
310 3058 320 3092 ,
344 3004 428 3074 ὥστε
455 3003 513 3083 τὰς
534 3009 614 3090 ΑΓ,
639 3010 699 3072 ΓΒ
728 3006 869 3091 δυνάμει
897 3003 1127 3094 ἀσυμμέτρους

187 3225 210 3275 1.
229 3214 278 3289 μς’
297 3219 328 3273 Β.
387 3225 412 3272 2.
432 3218 521 3287 Supra
539 3212 570 3270 τό
590 3216 655 3272 add.
674 3233 711 3270 m.
730 3223 746 3270 2
766 3216 815 3271 καὶ
834 3215 865 3272 έν
884 3217 914 3274 Ρ,
973 3219 1126 3286 διαιρεῖται

110 3289 152 3354 εἰς
165 3286 201 3344 τὰ
215 3285 343 3358 ὀνόματα
358 3290 455 3344 Theon
470 3286 605 3359 (BFVb).
662 3292 686 3342 5.
708 3287 771 3357 ΓΒ]
786 3304 870 3356 supra
884 3306 935 3344 scr.
949 3289 980 3344 B.
1037 3287 1126 3358 Supra

111 3357 251 3424 ποιούσας
270 3377 321 3416 τοι.
341 3362 393 3414 καί
408 3377 443 3414 m.
466 3365 479 3413 1
499 3358 534 3411 V.
608 3366 631 3413 6.
650 3359 718 3428 ΑΓ]
745 3362 795 3411 ΓΑ
814 3359 872 3426 Fb3
900 3378 956 3430 mg.
977 3378 1013 3414 m.
1035 3367 1048 3414 1
1069 3364 1125 3424 AB,

107 3436 167 3487 ΒΓ
181 3432 210 3489 b.
288 3427 485 3504 τετραγώνων]
509 3447 593 3500 supra
617 3447 668 3484 sor.
693 3447 708 3482 ο
731 3429 763 3496 b,
792 3451 844 3483 -ων
868 3431 896 3484 in
919 3447 973 3486 rae.
993 3431 1027 3486 V.
1103 3436 1124 3483 7.

92 3498 231 3571 ῤἠτέςέῐ
298 3502 336 3560 δέ
351 3501 413 3559 ΒΓ.
488 3507 513 3557 9.
533 3500 601 3574 καί]
620 3516 675 3557 om.
691 3499 791 3554 Theon
807 3499 942 3570 fflvm.
1016 3503 1123 3556 10.δυ-
