<?xml version="1.0" encoding="UTF-8"?>
<!DOCTYPE html PUBLIC "-//W3C//DTD XHTML 1.0 Transitional//EN"
    "http://www.w3.org/TR/xhtml1/DTD/xhtml1-transitional.dtd">
<html xmlns="http://www.w3.org/1999/xhtml" xml:lang="en" lang="en">
 <head>
  <title>
</title>
<meta http-equiv="Content-Type" content="text/html;charset=utf-8" />
  <meta name='ocr-system' content='tesseract 3.04.00' />
  <meta name='ocr-capabilities' content='ocr_page ocr_carea ocr_par ocr_line ocrx_word'/>
</head>
<body>
  <div class='ocr_page' id='page_1' title='image "./euclidisoperaom11unkngoog_0165.png"; bbox 0 0 2332 3840; ppageno 0'>
   <div class='ocr_carea' id='block_1_1' title="bbox 108 159 738 226">
    <p class='ocr_par' dir='ltr' id='par_1_1' title="bbox 108 159 738 226">
     <span class='ocr_line' id='line_1_1' title="bbox 108 159 738 226; baseline 0.003 -13"><span class='ocrx_word' id='word_1_1' title='bbox 108 163 172 226; x_wconf 79' lang='lat'><strong><em>154</em></strong></span> <span class='ocrx_word' id='word_1_2' title='bbox 491 162 693 214; x_wconf 80' lang='grc' dir='ltr'>ΣΤΟΙΧΕΙΩΝ</span> <span class='ocrx_word' id='word_1_3' title='bbox 712 159 738 215; x_wconf 87' lang='grc' dir='ltr'><strong><em>ι’.</em></strong></span> 
     </span>
    </p>
   </div>
   <div class='ocr_carea' id='block_1_2' title="bbox 49 299 1142 3364">
    <p class='ocr_par' dir='ltr' id='par_1_2' title="bbox 49 299 1142 3364">
     <span class='ocr_line' id='line_1_2' title="bbox 106 299 1103 392; baseline -0.003 -20"><span class='ocrx_word' id='word_1_4' title='bbox 106 303 124 372; x_wconf 99' lang='lat'><strong><em>6</em></strong></span> <span class='ocrx_word' id='word_1_5' title='bbox 154 313 187 372; x_wconf 94' lang='grc' dir='ltr'><em>Δ</em></span> <span class='ocrx_word' id='word_1_6' title='bbox 215 302 298 392; x_wconf 78' lang='grc' dir='ltr'><strong><em>πρὸς</em></strong></span> <span class='ocrx_word' id='word_1_7' title='bbox 326 301 387 372; x_wconf 78' lang='grc' dir='ltr'><strong><em>τὸν</em></strong></span> <span class='ocrx_word' id='word_1_8' title='bbox 415 310 479 370; x_wconf 89' lang='lat' dir='ltr'><strong><em>AB</em></strong></span> <span class='ocrx_word' id='word_1_9' title='bbox 508 301 628 388; x_wconf 80' lang='grc' dir='ltr'><em>λόγον,</em></span> <span class='ocrx_word' id='word_1_10' title='bbox 661 299 702 371; x_wconf 80' lang='grc' dir='ltr'><strong><em>ὃν</em></strong></span> <span class='ocrx_word' id='word_1_11' title='bbox 730 301 944 391; x_wconf 76' lang='grc' dir='ltr'><strong><em>,τετράγωνος</em></strong></span> <span class='ocrx_word' id='word_1_12' title='bbox 975 299 1103 389; x_wconf 79' lang='grc' dir='ltr'><strong><em>ἀριθμὸς</em></strong></span> 
     </span>
     <span class='ocr_line' id='line_1_3' title="bbox 105 404 1103 496; baseline -0.001 -19"><span class='ocrx_word' id='word_1_13' title='bbox 105 409 190 496; x_wconf 78' lang='grc' dir='ltr'><em>πρὸς</em></span> <span class='ocrx_word' id='word_1_14' title='bbox 216 409 427 495; x_wconf 79' lang='grc' dir='ltr'><em>τετράγωνον</em></span> <span class='ocrx_word' id='word_1_15' title='bbox 457 405 620 495; x_wconf 77' lang='grc' dir='ltr'><strong><em>ἀριθμόν,</em></strong></span> <span class='ocrx_word' id='word_1_16' title='bbox 648 404 729 476; x_wconf 83' lang='lat'><em>0666</em></span> <span class='ocrx_word' id='word_1_17' title='bbox 757 411 795 477; x_wconf 87' lang='grc' dir='ltr'><strong><em>τὸ</em></strong></span> <span class='ocrx_word' id='word_1_18' title='bbox 822 405 889 477; x_wconf 73' lang='grc' dir='ltr'><strong><em>ἀπὸ</em></strong></span> <span class='ocrx_word' id='word_1_19' title='bbox 915 412 976 496; x_wconf 75' lang='grc' dir='ltr'><strong><em>τῆς</em></strong></span> <span class='ocrx_word' id='word_1_20' title='bbox 1002 416 1032 476; x_wconf 85' lang='lat' dir='ltr'><em>E</em></span> <span class='ocrx_word' id='word_1_21' title='bbox 1049 405 1103 495; x_wconf 72' lang='grc' dir='ltr'><strong><em>ἅμα</em></strong></span> 
     </span>
     <span class='ocr_line' id='line_1_4' title="bbox 106 511 1102 604; baseline -0.002 -22"><span class='ocrx_word' id='word_1_22' title='bbox 106 518 187 604; x_wconf 80' lang='grc' dir='ltr'><strong><em>πρὸς</em></strong></span> <span class='ocrx_word' id='word_1_23' title='bbox 209 513 246 582; x_wconf 86' lang='grc' dir='ltr'><strong><em>τὸ</em></strong></span> <span class='ocrx_word' id='word_1_24' title='bbox 272 514 337 585; x_wconf 78' lang='grc' dir='ltr'><strong><em>ἀπὸ</em></strong></span> <span class='ocrx_word' id='word_1_25' title='bbox 361 519 421 601; x_wconf 81' lang='grc' dir='ltr'><strong><em>τής</em></strong></span> <span class='ocrx_word' id='word_1_26' title='bbox 445 522 517 582; x_wconf 93' lang='grc' dir='ltr'><strong><em>ΖΗ</em></strong></span> <span class='ocrx_word' id='word_1_27' title='bbox 534 513 637 600; x_wconf 80' lang='grc' dir='ltr'><em>λόγον</em></span> <span class='ocrx_word' id='word_1_28' title='bbox 661 519 739 601; x_wconf 77' lang='grc' dir='ltr'><strong><em>ἔχει,</em></strong></span> <span class='ocrx_word' id='word_1_29' title='bbox 763 511 805 583; x_wconf 81' lang='grc' dir='ltr'><strong><em>ὃν</em></strong></span> <span class='ocrx_word' id='word_1_30' title='bbox 826 513 1031 603; x_wconf 76' lang='grc' dir='ltr'><em>τετράγωνος</em></span> <span class='ocrx_word' id='word_1_31' title='bbox 1046 511 1102 601; x_wconf 76' lang='grc' dir='ltr'><strong><em>ιἰοι-</em></strong></span> 
     </span>
     <span class='ocr_line' id='line_1_5' title="bbox 105 617 1100 711; baseline -0.003 -21"><span class='ocrx_word' id='word_1_32' title='bbox 105 621 194 710; x_wconf 76' lang='grc' dir='ltr'><strong><em>θμὸς</em></strong></span> <span class='ocrx_word' id='word_1_33' title='bbox 221 620 304 711; x_wconf 82' lang='grc' dir='ltr'><em>πρὸς</em></span> <span class='ocrx_word' id='word_1_34' title='bbox 333 620 545 708; x_wconf 79' lang='grc' dir='ltr'><em>τετράγωνον</em></span> <span class='ocrx_word' id='word_1_35' title='bbox 572 618 734 708; x_wconf 79' lang='grc' dir='ltr'><strong><em>ἀριθμόν·</em></strong></span> <span class='ocrx_word' id='word_1_36' title='bbox 771 617 983 709; x_wconf 78' lang='grc' dir='ltr'><strong><em>ἀσύμμετρος</em></strong></span> <span class='ocrx_word' id='word_1_37' title='bbox 1008 617 1100 708; x_wconf 73' lang='grc' dir='ltr'><strong><em>ἄμιιή</em></strong></span> 
     </span>
     <span class='ocr_line' id='line_1_6' title="bbox 72 723 1101 818; baseline -0.005 -19"><span class='ocrx_word' id='word_1_38' title='bbox 72 735 139 800; x_wconf 79' lang='lat' dir='ltr'><strong><em>5E</em></strong></span> <span class='ocrx_word' id='word_1_39' title='bbox 159 732 198 818; x_wconf 75' lang='grc' dir='ltr'><strong><em>τῇ</em></strong></span> <span class='ocrx_word' id='word_1_40' title='bbox 223 735 294 796; x_wconf 92' lang='grc' dir='ltr'><strong><em>ΖΗ</em></strong></span> <span class='ocrx_word' id='word_1_41' title='bbox 312 729 416 815; x_wconf 81' lang='grc' dir='ltr'><strong><em>μήκει.</em></strong></span> <span class='ocrx_word' id='word_1_42' title='bbox 461 727 626 813; x_wconf 77' lang='grc' dir='ltr'><em>γεγονέτω</em></span> <span class='ocrx_word' id='word_1_43' title='bbox 651 723 693 813; x_wconf 88' lang='lat'><strong><em>66</em></strong></span> <span class='ocrx_word' id='word_1_44' title='bbox 716 726 819 794; x_wconf 75' lang='grc' dir='ltr'><em>πάλιν</em></span> <span class='ocrx_word' id='word_1_45' title='bbox 841 723 888 806; x_wconf 80' lang='grc' dir='ltr'><strong><em>ὡς</em></strong></span> <span class='ocrx_word' id='word_1_46' title='bbox 910 723 929 794; x_wconf 93' lang='lat'><strong><em>6</em></strong></span> <span class='ocrx_word' id='word_1_47' title='bbox 954 733 1018 795; x_wconf 97' lang='lat' dir='ltr'><strong><em>BA</em></strong></span> <span class='ocrx_word' id='word_1_48' title='bbox 1035 724 1101 814; x_wconf 79' lang='grc' dir='ltr'><strong><em>πρὸς</em></strong></span> 
     </span>
     <span class='ocr_line' id='line_1_7' title="bbox 105 829 1095 921; baseline -0.001 -19"><span class='ocrx_word' id='word_1_49' title='bbox 105 834 165 904; x_wconf 84' lang='grc' dir='ltr'><strong><em>τὸν</em></strong></span> <span class='ocrx_word' id='word_1_50' title='bbox 188 837 262 921; x_wconf 82' lang='grc' dir='ltr'>ΛΓ,</span> <span class='ocrx_word' id='word_1_51' title='bbox 286 831 392 914; x_wconf 79' lang='grc' dir='ltr'><em>οὕτως</em></span> <span class='ocrx_word' id='word_1_52' title='bbox 409 831 447 901; x_wconf 83' lang='grc' dir='ltr'><strong><em>τὸ</em></strong></span> <span class='ocrx_word' id='word_1_53' title='bbox 469 830 534 901; x_wconf 80' lang='grc' dir='ltr'><strong><em>ἀπὸ</em></strong></span> <span class='ocrx_word' id='word_1_54' title='bbox 553 836 612 918; x_wconf 80' lang='grc' dir='ltr'><strong><em>τῆς</em></strong></span> <span class='ocrx_word' id='word_1_55' title='bbox 631 839 703 900; x_wconf 88' lang='grc' dir='ltr'><strong><em>ΖΗ</em></strong></span> <span class='ocrx_word' id='word_1_56' title='bbox 716 831 801 920; x_wconf 77' lang='grc' dir='ltr'><strong><em>πρὸς</em></strong></span> <span class='ocrx_word' id='word_1_57' title='bbox 818 830 857 900; x_wconf 78' lang='grc' dir='ltr'><strong><em>τὸ</em></strong></span> <span class='ocrx_word' id='word_1_58' title='bbox 880 829 948 901; x_wconf 80' lang='grc' dir='ltr'><strong><em>ἀπὸ</em></strong></span> <span class='ocrx_word' id='word_1_59' title='bbox 970 838 1026 921; x_wconf 73' lang='grc' dir='ltr'><strong><em>τῆς</em></strong></span> <span class='ocrx_word' id='word_1_60' title='bbox 1042 838 1095 901; x_wconf 70' lang='grc' dir='ltr'><strong><em>ΗΘ</em></strong></span> 
     </span>
     <span class='ocr_line' id='line_1_8' title="bbox 106 935 1097 1030; baseline -0.002 -20"><span class='ocrx_word' id='word_1_61' title='bbox 106 941 295 1029; x_wconf 83' lang='grc' dir='ltr'><strong><em>σύμμετρον</em></strong></span> <span class='ocrx_word' id='word_1_62' title='bbox 318 938 444 1028; x_wconf 75' lang='grc' dir='ltr'><strong><em>ἄρατὸ</em></strong></span> <span class='ocrx_word' id='word_1_63' title='bbox 468 935 534 1007; x_wconf 83' lang='grc' dir='ltr'><strong><em>ιἰιιὸ</em></strong></span> <span class='ocrx_word' id='word_1_64' title='bbox 556 943 616 1024; x_wconf 82' lang='grc' dir='ltr'><strong><em>τής</em></strong></span> <span class='ocrx_word' id='word_1_65' title='bbox 634 946 705 1006; x_wconf 91' lang='grc' dir='ltr'><strong><em>ΖΗ</em></strong></span> <span class='ocrx_word' id='word_1_66' title='bbox 719 942 764 1030; x_wconf 75' lang='grc' dir='ltr'><strong><em>τῷ</em></strong></span> <span class='ocrx_word' id='word_1_67' title='bbox 789 936 854 1008; x_wconf 79' lang='grc' dir='ltr'><strong><em>ἀπὸ</em></strong></span> <span class='ocrx_word' id='word_1_68' title='bbox 877 943 937 1026; x_wconf 78' lang='grc' dir='ltr'><strong><em>τῆς</em></strong></span> <span class='ocrx_word' id='word_1_69' title='bbox 956 946 1029 1008; x_wconf 89' lang='grc' dir='ltr'><strong><em>ΘΗ.</em></strong></span> <span class='ocrx_word' id='word_1_70' title='bbox 1058 940 1097 1026; x_wconf 61' lang='grc' dir='ltr'><strong><em>ήή</em></strong></span> 
     </span>
     <span class='ocr_line' id='line_1_9' title="bbox 105 1043 1099 1134; baseline -0.001 -19"><span class='ocrx_word' id='word_1_71' title='bbox 105 1046 165 1116; x_wconf 86' lang='grc' dir='ltr'><strong><em>τὸν</em></strong></span> <span class='ocrx_word' id='word_1_72' title='bbox 189 1043 316 1134; x_wconf 78' lang='grc' dir='ltr'><strong><em>ἄρατὸ</em></strong></span> <span class='ocrx_word' id='word_1_73' title='bbox 339 1043 405 1114; x_wconf 81' lang='grc' dir='ltr'><strong><em>ἀπὸ</em></strong></span> <span class='ocrx_word' id='word_1_74' title='bbox 430 1050 488 1132; x_wconf 80' lang='grc' dir='ltr'><strong><em>τῆς</em></strong></span> <span class='ocrx_word' id='word_1_75' title='bbox 510 1053 590 1113; x_wconf 92' lang='grc' dir='ltr'><strong><em>ΘΗ·</em></strong></span> <span class='ocrx_word' id='word_1_76' title='bbox 620 1044 702 1134; x_wconf 82' lang='grc' dir='ltr'><strong><em>ῥητή</em></strong></span> <span class='ocrx_word' id='word_1_77' title='bbox 727 1044 793 1133; x_wconf 74' lang='grc' dir='ltr'><strong><em>ἄρα</em></strong></span> <span class='ocrx_word' id='word_1_78' title='bbox 816 1043 837 1132; x_wconf 92' lang='lat'><strong><em>6</em></strong></span> <span class='ocrx_word' id='word_1_79' title='bbox 860 1053 939 1114; x_wconf 91' lang='grc' dir='ltr'><strong><em>ΘΗ.</em></strong></span> <span class='ocrx_word' id='word_1_80' title='bbox 975 1045 1028 1114; x_wconf 79' lang='grc' dir='ltr'><strong><em>καὶ</em></strong></span> <span class='ocrx_word' id='word_1_81' title='bbox 1045 1043 1099 1113; x_wconf 70' lang='lat'><strong><em>616</em></strong></span> 
     </span>
     <span class='ocr_line' id='line_1_10' title="bbox 106 1148 1097 1241; baseline 0 -21"><span class='ocrx_word' id='word_1_82' title='bbox 106 1150 123 1220; x_wconf 91' lang='lat'><strong><em>6</em></strong></span> <span class='ocrx_word' id='word_1_83' title='bbox 149 1159 217 1219; x_wconf 88' lang='lat' dir='ltr'><strong><em>BA</em></strong></span> <span class='ocrx_word' id='word_1_84' title='bbox 239 1151 323 1239; x_wconf 80' lang='grc' dir='ltr'><strong><em>πρὸς</em></strong></span> <span class='ocrx_word' id='word_1_85' title='bbox 348 1149 409 1219; x_wconf 88' lang='grc' dir='ltr'><strong><em>τὸν</em></strong></span> <span class='ocrx_word' id='word_1_86' title='bbox 433 1157 502 1219; x_wconf 89' lang='grc' dir='ltr'>ΑΓ</span> <span class='ocrx_word' id='word_1_87' title='bbox 519 1151 624 1237; x_wconf 77' lang='grc' dir='ltr'><em>λόγον</em></span> <span class='ocrx_word' id='word_1_88' title='bbox 654 1148 716 1219; x_wconf 80' lang='grc' dir='ltr'><strong><em>οὐκ</em></strong></span> <span class='ocrx_word' id='word_1_89' title='bbox 739 1156 820 1238; x_wconf 81' lang='grc' dir='ltr'><strong><em>ἔχει,</em></strong></span> <span class='ocrx_word' id='word_1_90' title='bbox 851 1148 893 1219; x_wconf 83' lang='grc' dir='ltr'><strong><em>ὃν</em></strong></span> <span class='ocrx_word' id='word_1_91' title='bbox 916 1151 1097 1241; x_wconf 72' lang='grc' dir='ltr'><em>τετράγωνος</em></span> 
     </span>
     <span class='ocr_line' id='line_1_11' title="bbox 54 1248 1142 1346; baseline -0.006 -19"><span class='ocrx_word' id='word_1_92' title='bbox 54 1281 87 1330; x_wconf 87' lang='grc'><strong><em>10</em></strong></span> <span class='ocrx_word' id='word_1_93' title='bbox 106 1254 251 1346; x_wconf 76' lang='grc' dir='ltr'><strong><em>ἀριθμὸς</em></strong></span> <span class='ocrx_word' id='word_1_94' title='bbox 277 1254 361 1345; x_wconf 81' lang='grc' dir='ltr'><strong><em>πρὸς</em></strong></span> <span class='ocrx_word' id='word_1_95' title='bbox 388 1258 599 1344; x_wconf 78' lang='grc' dir='ltr'><em>τετράγωνον</em></span> <span class='ocrx_word' id='word_1_96' title='bbox 623 1255 783 1344; x_wconf 78' lang='grc' dir='ltr'><strong><em>ἀριθμόν,</em></strong></span> <span class='ocrx_word' id='word_1_97' title='bbox 808 1254 889 1325; x_wconf 83' lang='lat'><em>0666</em></span> <span class='ocrx_word' id='word_1_98' title='bbox 911 1257 951 1326; x_wconf 84' lang='grc' dir='ltr'><strong><em>τὸ</em></strong></span> <span class='ocrx_word' id='word_1_99' title='bbox 975 1256 1035 1326; x_wconf 78' lang='grc' dir='ltr'><strong><em>ἀπὸ</em></strong></span> <span class='ocrx_word' id='word_1_100' title='bbox 1053 1260 1096 1342; x_wconf 77' lang='grc' dir='ltr'><strong><em>τῆς</em></strong></span> <span class='ocrx_word' id='word_1_101' title='bbox 1139 1248 1142 1321; x_wconf 65' lang='grc'>.</span> 
     </span>
     <span class='ocr_line' id='line_1_12' title="bbox 106 1360 1097 1453; baseline 0 -23"><span class='ocrx_word' id='word_1_102' title='bbox 106 1370 178 1431; x_wconf 91' lang='grc' dir='ltr'><strong><em>ΖΗ</em></strong></span> <span class='ocrx_word' id='word_1_103' title='bbox 196 1362 280 1451; x_wconf 81' lang='grc' dir='ltr'><em>πρὸς</em></span> <span class='ocrx_word' id='word_1_104' title='bbox 302 1362 340 1431; x_wconf 81' lang='grc' dir='ltr'><strong><em>τὸ</em></strong></span> <span class='ocrx_word' id='word_1_105' title='bbox 364 1361 430 1431; x_wconf 83' lang='grc' dir='ltr'><strong><em>ἆιιὸ</em></strong></span> <span class='ocrx_word' id='word_1_106' title='bbox 453 1367 511 1450; x_wconf 79' lang='grc' dir='ltr'><strong><em>τῆς</em></strong></span> <span class='ocrx_word' id='word_1_107' title='bbox 533 1371 601 1432; x_wconf 91' lang='grc' dir='ltr'><strong><em>ΗΘ</em></strong></span> <span class='ocrx_word' id='word_1_108' title='bbox 624 1363 728 1450; x_wconf 82' lang='grc' dir='ltr'><em>λόγον</em></span> <span class='ocrx_word' id='word_1_109' title='bbox 751 1369 827 1451; x_wconf 80' lang='grc' dir='ltr'><strong><em>ἔχει,</em></strong></span> <span class='ocrx_word' id='word_1_110' title='bbox 851 1360 893 1432; x_wconf 83' lang='grc' dir='ltr'><strong><em>ὃν</em></strong></span> <span class='ocrx_word' id='word_1_111' title='bbox 916 1363 1097 1453; x_wconf 78' lang='grc' dir='ltr'><em>τετράγωνος</em></span> 
     </span>
     <span class='ocr_line' id='line_1_13' title="bbox 104 1466 1091 1559; baseline 0.004 -23"><span class='ocrx_word' id='word_1_112' title='bbox 104 1466 251 1557; x_wconf 77' lang='grc' dir='ltr'><strong><em>ἀριθμὸς</em></strong></span> <span class='ocrx_word' id='word_1_113' title='bbox 278 1467 361 1557; x_wconf 80' lang='grc' dir='ltr'><strong><em>πρὸς</em></strong></span> <span class='ocrx_word' id='word_1_114' title='bbox 386 1470 597 1557; x_wconf 75' lang='grc' dir='ltr'><em>τετράγωνον</em></span> <span class='ocrx_word' id='word_1_115' title='bbox 621 1467 782 1558; x_wconf 76' lang='grc' dir='ltr'><strong><em>ἀριθμόν·</em></strong></span> <span class='ocrx_word' id='word_1_116' title='bbox 820 1467 1027 1559; x_wconf 78' lang='grc' dir='ltr'><strong><em>ἀσύμμετρος</em></strong></span> <span class='ocrx_word' id='word_1_117' title='bbox 1048 1467 1091 1555; x_wconf 67' lang='lat'><strong><em>601</em></strong></span> 
     </span>
     <span class='ocr_line' id='line_1_14' title="bbox 105 1573 1093 1666; baseline -0.003 -22"><span class='ocrx_word' id='word_1_118' title='bbox 105 1576 195 1644; x_wconf 79' lang='grc' dir='ltr'><em>ἐστὶν</em></span> <span class='ocrx_word' id='word_1_119' title='bbox 225 1573 245 1663; x_wconf 93' lang='lat'><strong><em>6</em></strong></span> <span class='ocrx_word' id='word_1_120' title='bbox 270 1583 341 1644; x_wconf 99' lang='grc' dir='ltr'><strong><em>ΖΗ</em></strong></span> <span class='ocrx_word' id='word_1_121' title='bbox 359 1579 398 1664; x_wconf 77' lang='grc' dir='ltr'><strong><em>τῇ</em></strong></span> <span class='ocrx_word' id='word_1_122' title='bbox 422 1582 492 1643; x_wconf 91' lang='grc' dir='ltr'><strong><em>ΗΘ</em></strong></span> <span class='ocrx_word' id='word_1_123' title='bbox 515 1574 619 1663; x_wconf 81' lang='grc' dir='ltr'><strong><em>μήκει.</em></strong></span> <span class='ocrx_word' id='word_1_124' title='bbox 661 1578 698 1642; x_wconf 77' lang='grc' dir='ltr'><strong><em>αἱ</em></strong></span> <span class='ocrx_word' id='word_1_125' title='bbox 725 1582 806 1660; x_wconf 88' lang='grc' dir='ltr'><strong><em>ΖΗ,</em></strong></span> <span class='ocrx_word' id='word_1_126' title='bbox 834 1582 903 1644; x_wconf 91' lang='grc' dir='ltr'><strong><em>ΗΘ</em></strong></span> <span class='ocrx_word' id='word_1_127' title='bbox 931 1575 997 1666; x_wconf 75' lang='lat'><strong><em>696</em></strong></span> <span class='ocrx_word' id='word_1_128' title='bbox 1022 1575 1093 1666; x_wconf 77' lang='grc' dir='ltr'><em>ῥητοί</em></span> 
     </span>
     <span class='ocr_line' id='line_1_15' title="bbox 105 1680 1094 1771; baseline -0.001 -21"><span class='ocrx_word' id='word_1_129' title='bbox 105 1687 168 1751; x_wconf 78' lang='grc' dir='ltr'><strong><em>εἰσι</em></strong></span> <span class='ocrx_word' id='word_1_130' title='bbox 192 1681 334 1771; x_wconf 75' lang='grc' dir='ltr'><em>δυνάμει</em></span> <span class='ocrx_word' id='word_1_131' title='bbox 357 1681 464 1769; x_wconf 89' lang='grc' dir='ltr'><em>μόνον</em></span> <span class='ocrx_word' id='word_1_132' title='bbox 489 1680 684 1770; x_wconf 83' lang='grc' dir='ltr'><strong><em>σύμμετροι·</em></strong></span> <span class='ocrx_word' id='word_1_133' title='bbox 708 1685 744 1750; x_wconf 84' lang='grc' dir='ltr'><strong><em>ἐκ</em></strong></span> <span class='ocrx_word' id='word_1_134' title='bbox 766 1680 829 1750; x_wconf 86' lang='lat'><strong><em>660</em></strong></span> <span class='ocrx_word' id='word_1_135' title='bbox 854 1680 920 1770; x_wconf 78' lang='grc' dir='ltr'><strong><em>ἅμα</em></strong></span> <span class='ocrx_word' id='word_1_136' title='bbox 944 1681 1094 1771; x_wconf 73' lang='grc' dir='ltr'><strong><em>ὀνομάτων</em></strong></span> 
     </span>
     <span class='ocr_line' id='line_1_16' title="bbox 53 1789 332 1876; baseline -0.004 -17"><span class='ocrx_word' id='word_1_137' title='bbox 53 1810 86 1859; x_wconf 78' lang='grc' dir='ltr'><strong><em>ιι</em></strong></span> <span class='ocrx_word' id='word_1_138' title='bbox 105 1791 195 1858; x_wconf 76' lang='grc' dir='ltr'><em>ἐστὶν</em></span> <span class='ocrx_word' id='word_1_139' title='bbox 218 1789 238 1876; x_wconf 84' lang='lat'><strong><em>6</em></strong></span> <span class='ocrx_word' id='word_1_140' title='bbox 264 1796 332 1858; x_wconf 84' lang='grc' dir='ltr'><strong><em>ΖΘ.</em></strong></span> 
     </span>
     <span class='ocr_line' id='line_1_17' title="bbox 171 1892 673 1982; baseline 0 -18"><span class='ocrx_word' id='word_1_141' title='bbox 171 1897 332 1965; x_wconf 82' lang='grc' dir='ltr'><em>Δεικτέον</em></span> <span class='ocrx_word' id='word_1_142' title='bbox 356 1896 410 1982; x_wconf 80' lang='grc' dir='ltr'><strong><em>δή,</em></strong></span> <span class='ocrx_word' id='word_1_143' title='bbox 435 1892 486 1963; x_wconf 78' lang='grc' dir='ltr'><strong><em>ὅτι</em></strong></span> <span class='ocrx_word' id='word_1_144' title='bbox 509 1895 564 1962; x_wconf 79' lang='grc' dir='ltr'><strong><em>καὶ</em></strong></span> <span class='ocrx_word' id='word_1_145' title='bbox 589 1897 673 1980; x_wconf 79' lang='grc' dir='ltr'><strong><em>ἕκτη.</em></strong></span> 
     </span>
     <span class='ocr_line' id='line_1_18' title="bbox 167 1994 1094 2090; baseline -0.005 -20"><span class='ocrx_word' id='word_1_146' title='bbox 167 2002 256 2070; x_wconf 80' lang='grc' dir='ltr'><strong><em>Ἐπεὶ</em></strong></span> <span class='ocrx_word' id='word_1_147' title='bbox 279 2002 343 2088; x_wconf 79' lang='grc' dir='ltr'><strong><em>γάρ</em></strong></span> <span class='ocrx_word' id='word_1_148' title='bbox 368 2003 458 2070; x_wconf 79' lang='grc' dir='ltr'><strong><em>ἐστιν</em></strong></span> <span class='ocrx_word' id='word_1_149' title='bbox 482 1998 527 2080; x_wconf 84' lang='grc' dir='ltr'><strong><em>ὡς</em></strong></span> <span class='ocrx_word' id='word_1_150' title='bbox 551 1999 568 2068; x_wconf 96' lang='lat'><strong><em>6</em></strong></span> <span class='ocrx_word' id='word_1_151' title='bbox 595 2010 628 2068; x_wconf 88' lang='lat' dir='ltr'><em>A</em></span> <span class='ocrx_word' id='word_1_152' title='bbox 650 2003 735 2089; x_wconf 78' lang='grc' dir='ltr'><em>πρὸς</em></span> <span class='ocrx_word' id='word_1_153' title='bbox 757 1999 816 2070; x_wconf 82' lang='grc' dir='ltr'><strong><em>τὸν</em></strong></span> <span class='ocrx_word' id='word_1_154' title='bbox 841 2009 921 2090; x_wconf 89' lang='grc' dir='ltr'><strong><em>ΑΒ,</em></strong></span> <span class='ocrx_word' id='word_1_155' title='bbox 955 2001 1053 2080; x_wconf 78' lang='grc' dir='ltr'><em>οὕτως</em></span> <span class='ocrx_word' id='word_1_156' title='bbox 1068 1994 1094 2065; x_wconf 75' lang='grc' dir='ltr'><strong><em>τὸ</em></strong></span> 
     </span>
     <span class='ocr_line' id='line_1_19' title="bbox 103 2104 1066 2195; baseline 0.001 -20"><span class='ocrx_word' id='word_1_157' title='bbox 103 2107 169 2176; x_wconf 80' lang='grc' dir='ltr'><strong><em>ἀπὸ</em></strong></span> <span class='ocrx_word' id='word_1_158' title='bbox 197 2112 255 2194; x_wconf 78' lang='grc' dir='ltr'><strong><em>τῆς</em></strong></span> <span class='ocrx_word' id='word_1_159' title='bbox 278 2116 310 2175; x_wconf 86' lang='grc' dir='ltr'><em>Ε</em></span> <span class='ocrx_word' id='word_1_160' title='bbox 330 2107 413 2195; x_wconf 84' lang='grc' dir='ltr'><em>πρὸς</em></span> <span class='ocrx_word' id='word_1_161' title='bbox 440 2106 477 2176; x_wconf 82' lang='grc' dir='ltr'><strong><em>τὸ</em></strong></span> <span class='ocrx_word' id='word_1_162' title='bbox 508 2104 572 2174; x_wconf 78' lang='grc' dir='ltr'><strong><em>ἀπὸ</em></strong></span> <span class='ocrx_word' id='word_1_163' title='bbox 601 2111 659 2193; x_wconf 78' lang='grc' dir='ltr'><strong><em>τῆς</em></strong></span> <span class='ocrx_word' id='word_1_164' title='bbox 684 2115 765 2194; x_wconf 91' lang='grc' dir='ltr'><strong><em>ΖΗ,</em></strong></span> <span class='ocrx_word' id='word_1_165' title='bbox 794 2112 863 2175; x_wconf 81' lang='grc' dir='ltr'><strong><em>ἔστι</em></strong></span> <span class='ocrx_word' id='word_1_166' title='bbox 892 2109 930 2178; x_wconf 80' lang='lat'><strong><em>66</em></strong></span> <span class='ocrx_word' id='word_1_167' title='bbox 953 2104 1066 2186; x_wconf 70' lang='lat'><em>66663</em></span> 
     </span>
     <span class='ocr_line' id='line_1_20' title="bbox 104 2207 1142 2344; baseline -0.003 -64"><span class='ocrx_word' id='word_1_168' title='bbox 104 2221 170 2281; x_wconf 88' lang='lat' dir='ltr'><strong><em>BA</em></strong></span> <span class='ocrx_word' id='word_1_169' title='bbox 193 2211 276 2300; x_wconf 82' lang='grc' dir='ltr'><strong><em>πρὸς</em></strong></span> <span class='ocrx_word' id='word_1_170' title='bbox 302 2211 362 2281; x_wconf 87' lang='grc' dir='ltr'><strong><em>τὸν</em></strong></span> <span class='ocrx_word' id='word_1_171' title='bbox 386 2220 465 2299; x_wconf 89' lang='grc' dir='ltr'>ΑΓ,</span> <span class='ocrx_word' id='word_1_172' title='bbox 495 2211 601 2293; x_wconf 81' lang='grc' dir='ltr'><em>οὕτως</em></span> <span class='ocrx_word' id='word_1_173' title='bbox 627 2213 664 2282; x_wconf 86' lang='grc' dir='ltr'><strong><em>τὸ</em></strong></span> <span class='ocrx_word' id='word_1_174' title='bbox 694 2212 760 2282; x_wconf 80' lang='grc' dir='ltr'><strong><em>ἀπὸ</em></strong></span> <span class='ocrx_word' id='word_1_175' title='bbox 789 2220 847 2301; x_wconf 81' lang='grc' dir='ltr'><strong><em>τῆς</em></strong></span> <span class='ocrx_word' id='word_1_176' title='bbox 875 2223 948 2283; x_wconf 91' lang='grc' dir='ltr'><strong><em>ΖΗ</em></strong></span> <span class='ocrx_word' id='word_1_177' title='bbox 971 2213 1049 2344; x_wconf 76' lang='grc' dir='ltr'><strong><em>κμὸς</em></strong></span> <span class='ocrx_word' id='word_1_178' title='bbox 1069 2207 1142 2311; x_wconf 75' lang='grc' dir='ltr'><strong><em>τὸ</em></strong></span> 
     </span>
     <span class='ocr_line' id='line_1_21' title="bbox 51 2316 1142 2410; baseline -0.004 -22"><span class='ocrx_word' id='word_1_179' title='bbox 51 2340 86 2389; x_wconf 76' lang='lat'><strong><em>20</em></strong></span> <span class='ocrx_word' id='word_1_180' title='bbox 105 2317 169 2386; x_wconf 68' lang='lat'><strong><em>666</em></strong></span> <span class='ocrx_word' id='word_1_181' title='bbox 189 2322 247 2405; x_wconf 82' lang='grc' dir='ltr'><strong><em>τής</em></strong></span> <span class='ocrx_word' id='word_1_182' title='bbox 265 2326 344 2405; x_wconf 94' lang='grc' dir='ltr'><strong><em>ΗΘ,</em></strong></span> <span class='ocrx_word' id='word_1_183' title='bbox 364 2317 443 2386; x_wconf 76' lang='grc' dir='ltr'><strong><em>ὃι’ἰ</em></strong></span> <span class='ocrx_word' id='word_1_184' title='bbox 432 2327 509 2388; x_wconf 75' lang='grc' dir='ltr'><em>ἴσον</em></span> <span class='ocrx_word' id='word_1_185' title='bbox 528 2317 593 2407; x_wconf 77' lang='grc' dir='ltr'><strong><em>ἅμα</em></strong></span> <span class='ocrx_word' id='word_1_186' title='bbox 613 2319 703 2387; x_wconf 80' lang='grc' dir='ltr'><em>ἐστὶν</em></span> <span class='ocrx_word' id='word_1_187' title='bbox 723 2317 855 2401; x_wconf 77' lang='grc' dir='ltr'><strong><em>ὥςὸΔ</em></strong></span> <span class='ocrx_word' id='word_1_188' title='bbox 872 2321 957 2410; x_wconf 78' lang='grc' dir='ltr'><em>προς</em></span> <span class='ocrx_word' id='word_1_189' title='bbox 970 2349 1028 2391; x_wconf 87' lang='grc' dir='ltr'><strong><em>τον</em></strong></span> <span class='ocrx_word' id='word_1_190' title='bbox 1040 2316 1142 2400; x_wconf 86' lang='grc' dir='ltr'>ΑΓ</span> 
     </span>
     <span class='ocr_line' id='line_1_22' title="bbox 104 2422 1097 2513; baseline -0.004 -19"><span class='ocrx_word' id='word_1_191' title='bbox 104 2423 210 2506; x_wconf 76' lang='grc' dir='ltr'><em>οὕτως</em></span> <span class='ocrx_word' id='word_1_192' title='bbox 236 2425 274 2494; x_wconf 82' lang='grc' dir='ltr'><strong><em>τὸ</em></strong></span> <span class='ocrx_word' id='word_1_193' title='bbox 303 2422 368 2493; x_wconf 80' lang='grc' dir='ltr'><strong><em>ἀπὸ</em></strong></span> <span class='ocrx_word' id='word_1_194' title='bbox 395 2429 454 2511; x_wconf 81' lang='grc' dir='ltr'><strong><em>ιής</em></strong></span> <span class='ocrx_word' id='word_1_195' title='bbox 476 2433 508 2492; x_wconf 86' lang='grc' dir='ltr'><em>Ε</em></span> <span class='ocrx_word' id='word_1_196' title='bbox 529 2423 611 2513; x_wconf 80' lang='grc' dir='ltr'><em>πρὸς</em></span> <span class='ocrx_word' id='word_1_197' title='bbox 633 2424 671 2494; x_wconf 86' lang='grc' dir='ltr'><strong><em>τὸ</em></strong></span> <span class='ocrx_word' id='word_1_198' title='bbox 696 2422 761 2494; x_wconf 79' lang='grc' dir='ltr'><strong><em>ἀπὸ</em></strong></span> <span class='ocrx_word' id='word_1_199' title='bbox 785 2431 844 2513; x_wconf 80' lang='grc' dir='ltr'><strong><em>τῆς</em></strong></span> <span class='ocrx_word' id='word_1_200' title='bbox 866 2434 945 2496; x_wconf 91' lang='grc' dir='ltr'><strong><em>ΗΘ.</em></strong></span> <span class='ocrx_word' id='word_1_201' title='bbox 983 2426 1097 2496; x_wconf 75' lang='lat'><em>6666</em></span> 
     </span>
     <span class='ocr_line' id='line_1_23' title="bbox 103 2528 1100 2623; baseline 0 -21"><span class='ocrx_word' id='word_1_202' title='bbox 103 2531 187 2622; x_wconf 79' lang='grc' dir='ltr'><em>πρὸς</em></span> <span class='ocrx_word' id='word_1_203' title='bbox 208 2531 269 2601; x_wconf 86' lang='grc' dir='ltr'><strong><em>τὸν</em></strong></span> <span class='ocrx_word' id='word_1_204' title='bbox 283 2538 353 2600; x_wconf 87' lang='grc' dir='ltr'>ΑΓ</span> <span class='ocrx_word' id='word_1_205' title='bbox 367 2530 470 2618; x_wconf 74' lang='grc' dir='ltr'><em>λίνον</em></span> <span class='ocrx_word' id='word_1_206' title='bbox 495 2528 557 2598; x_wconf 82' lang='grc' dir='ltr'><strong><em>οὐκ</em></strong></span> <span class='ocrx_word' id='word_1_207' title='bbox 580 2528 699 2618; x_wconf 78' lang='grc' dir='ltr'><strong><em>ἔχει,“</em></strong></span> <span class='ocrx_word' id='word_1_208' title='bbox 681 2558 722 2599; x_wconf 94' lang='grc' dir='ltr'><strong><em>ον</em></strong></span> <span class='ocrx_word' id='word_1_209' title='bbox 745 2531 952 2621; x_wconf 76' lang='grc' dir='ltr'><em>τετράγωνος</em></span> <span class='ocrx_word' id='word_1_210' title='bbox 975 2528 1100 2623; x_wconf 79' lang='grc' dir='ltr'><strong><em>ἀριθμὸς</em></strong></span> 
     </span>
     <span class='ocr_line' id='line_1_24' title="bbox 103 2635 1101 2728; baseline -0.005 -21"><span class='ocrx_word' id='word_1_211' title='bbox 103 2639 187 2728; x_wconf 80' lang='grc' dir='ltr'><strong><em>πρὸς</em></strong></span> <span class='ocrx_word' id='word_1_212' title='bbox 212 2639 424 2727; x_wconf 77' lang='grc' dir='ltr'><em>τετράγωνον</em></span> <span class='ocrx_word' id='word_1_213' title='bbox 452 2635 615 2724; x_wconf 78' lang='grc' dir='ltr'><strong><em>ἀριθμόν·</em></strong></span> <span class='ocrx_word' id='word_1_214' title='bbox 653 2636 734 2707; x_wconf 80' lang='lat'><em>0666</em></span> <span class='ocrx_word' id='word_1_215' title='bbox 761 2639 799 2707; x_wconf 86' lang='grc' dir='ltr'><strong><em>τὸ</em></strong></span> <span class='ocrx_word' id='word_1_216' title='bbox 830 2636 895 2707; x_wconf 80' lang='grc' dir='ltr'><strong><em>ἀπὸ</em></strong></span> <span class='ocrx_word' id='word_1_217' title='bbox 919 2645 979 2728; x_wconf 80' lang='grc' dir='ltr'><strong><em>τής</em></strong></span> <span class='ocrx_word' id='word_1_218' title='bbox 1001 2649 1031 2708; x_wconf 85' lang='grc' dir='ltr'><strong><em>Ε</em></strong></span> <span class='ocrx_word' id='word_1_219' title='bbox 1050 2636 1101 2726; x_wconf 79' lang='grc' dir='ltr'><strong><em>ἄρα</em></strong></span> 
     </span>
     <span class='ocr_line' id='line_1_25' title="bbox 102 2741 1103 2833; baseline 0 -22"><span class='ocrx_word' id='word_1_220' title='bbox 102 2769 187 2829; x_wconf 79' lang='grc' dir='ltr'><em>προς</em></span> <span class='ocrx_word' id='word_1_221' title='bbox 209 2744 246 2812; x_wconf 82' lang='grc' dir='ltr'><strong><em>τὸ</em></strong></span> <span class='ocrx_word' id='word_1_222' title='bbox 271 2743 336 2813; x_wconf 79' lang='grc' dir='ltr'><strong><em>ἀπὸ</em></strong></span> <span class='ocrx_word' id='word_1_223' title='bbox 359 2748 418 2830; x_wconf 79' lang='grc' dir='ltr'><strong><em>τῆς</em></strong></span> <span class='ocrx_word' id='word_1_224' title='bbox 436 2750 504 2812; x_wconf 94' lang='grc' dir='ltr'><strong><em>ΗΘ</em></strong></span> <span class='ocrx_word' id='word_1_225' title='bbox 524 2742 628 2831; x_wconf 80' lang='grc' dir='ltr'><em>λόγον</em></span> <span class='ocrx_word' id='word_1_226' title='bbox 648 2749 722 2831; x_wconf 80' lang='grc' dir='ltr'><strong><em>ἔχει,</em></strong></span> <span class='ocrx_word' id='word_1_227' title='bbox 747 2741 787 2812; x_wconf 80' lang='grc' dir='ltr'><strong><em>ὃν</em></strong></span> <span class='ocrx_word' id='word_1_228' title='bbox 801 2745 1011 2833; x_wconf 76' lang='grc' dir='ltr'><em>τετράγωνος</em></span> <span class='ocrx_word' id='word_1_229' title='bbox 1023 2745 1103 2833; x_wconf 79' lang='grc' dir='ltr'><strong><em>ἀμιθ-</em></strong></span> 
     </span>
     <span class='ocr_line' id='line_1_26' title="bbox 49 2844 1104 2940; baseline 0.002 -22"><span class='ocrx_word' id='word_1_230' title='bbox 49 2870 84 2918; x_wconf 76' lang='lat'><strong><em>25</em></strong></span> <span class='ocrx_word' id='word_1_231' title='bbox 103 2849 165 2936; x_wconf 82' lang='grc' dir='ltr'><strong><em>μός</em></strong></span> <span class='ocrx_word' id='word_1_232' title='bbox 178 2848 261 2938; x_wconf 80' lang='grc' dir='ltr'><strong><em>πρὸς</em></strong></span> <span class='ocrx_word' id='word_1_233' title='bbox 273 2851 484 2936; x_wconf 76' lang='grc' dir='ltr'><em>τετράγωνον</em></span> <span class='ocrx_word' id='word_1_234' title='bbox 500 2847 662 2937; x_wconf 76' lang='grc' dir='ltr'><strong><em>ἀριθμόν·</em></strong></span> <span class='ocrx_word' id='word_1_235' title='bbox 683 2847 891 2939; x_wconf 78' lang='grc' dir='ltr'><strong><em>ἀσύμμετρος</em></strong></span> <span class='ocrx_word' id='word_1_236' title='bbox 907 2850 974 2940; x_wconf 76' lang='lat'><strong><em>696</em></strong></span> <span class='ocrx_word' id='word_1_237' title='bbox 991 2844 1104 2934; x_wconf 72' lang='grc' dir='ltr'><strong><em>ἐστινὴ</em></strong></span> 
     </span>
     <span class='ocr_line' id='line_1_27' title="bbox 102 2953 1106 3048; baseline 0.005 -27"><span class='ocrx_word' id='word_1_238' title='bbox 102 2963 134 3022; x_wconf 86' lang='grc' dir='ltr'><em>Ε</em></span> <span class='ocrx_word' id='word_1_239' title='bbox 154 2959 194 3043; x_wconf 76' lang='grc' dir='ltr'><strong><em>τῇ</em></strong></span> <span class='ocrx_word' id='word_1_240' title='bbox 218 2961 287 3021; x_wconf 88' lang='grc' dir='ltr'><strong><em>ΗΘ</em></strong></span> <span class='ocrx_word' id='word_1_241' title='bbox 310 2953 414 3041; x_wconf 82' lang='grc' dir='ltr'><strong><em>μήκει.</em></strong></span> <span class='ocrx_word' id='word_1_242' title='bbox 452 2958 587 3044; x_wconf 75' lang='grc' dir='ltr'><strong><em>ἐδείχθη</em></strong></span> <span class='ocrx_word' id='word_1_243' title='bbox 613 2957 651 3026; x_wconf 81' lang='lat'><strong><em>66</em></strong></span> <span class='ocrx_word' id='word_1_244' title='bbox 673 2958 728 3024; x_wconf 83' lang='grc' dir='ltr'><strong><em>καὶ</em></strong></span> <span class='ocrx_word' id='word_1_245' title='bbox 751 2961 790 3046; x_wconf 82' lang='grc' dir='ltr'><strong><em>ιή</em></strong></span> <span class='ocrx_word' id='word_1_246' title='bbox 811 2964 880 3025; x_wconf 91' lang='grc' dir='ltr'><strong><em>ΖΗ</em></strong></span> <span class='ocrx_word' id='word_1_247' title='bbox 897 2956 1106 3048; x_wconf 80' lang='grc' dir='ltr'><strong><em>ἀσύμμετρος·</em></strong></span> 
     </span>
     <span class='ocr_line' id='line_1_28' title="bbox 103 3059 1108 3154; baseline 0 -26"><span class='ocrx_word' id='word_1_248' title='bbox 103 3061 240 3148; x_wconf 81' lang='grc' dir='ltr'><strong><em>ἑκατέρα</em></strong></span> <span class='ocrx_word' id='word_1_249' title='bbox 259 3059 324 3144; x_wconf 73' lang='grc' dir='ltr'><strong><em>ἄρα</em></strong></span> <span class='ocrx_word' id='word_1_250' title='bbox 342 3072 411 3130; x_wconf 77' lang='grc' dir='ltr'><strong><em>τῶν</em></strong></span> <span class='ocrx_word' id='word_1_251' title='bbox 426 3069 504 3147; x_wconf 91' lang='grc' dir='ltr'><strong><em>ΖΗ,</em></strong></span> <span class='ocrx_word' id='word_1_252' title='bbox 519 3070 588 3130; x_wconf 92' lang='grc' dir='ltr'><strong><em>ΗΘ</em></strong></span> <span class='ocrx_word' id='word_1_253' title='bbox 606 3063 822 3151; x_wconf 72' lang='grc' dir='ltr'><strong><em>ἀσύμμετρός,</em></strong></span> <span class='ocrx_word' id='word_1_254' title='bbox 832 3066 901 3132; x_wconf 77' lang='grc' dir='ltr'><strong><em>ἐστι</em></strong></span> <span class='ocrx_word' id='word_1_255' title='bbox 915 3069 955 3154; x_wconf 79' lang='grc' dir='ltr'><strong><em>τῇ</em></strong></span> <span class='ocrx_word' id='word_1_256' title='bbox 971 3075 1003 3134; x_wconf 86' lang='grc' dir='ltr'><em>Ε</em></span> <span class='ocrx_word' id='word_1_257' title='bbox 1015 3065 1108 3153; x_wconf 81' lang='grc' dir='ltr'><strong><em>μήκει.</em></strong></span> 
     </span>
     <span class='ocr_line' id='line_1_29' title="bbox 103 3165 1109 3257; baseline 0.004 -25"><span class='ocrx_word' id='word_1_258' title='bbox 103 3166 159 3232; x_wconf 82' lang='grc' dir='ltr'><strong><em>καὶ</em></strong></span> <span class='ocrx_word' id='word_1_259' title='bbox 183 3168 256 3234; x_wconf 82' lang='grc' dir='ltr'><strong><em>ἐκεί</em></strong></span> <span class='ocrx_word' id='word_1_260' title='bbox 276 3169 365 3235; x_wconf 82' lang='grc' dir='ltr'><strong><em>ἐστιν</em></strong></span> <span class='ocrx_word' id='word_1_261' title='bbox 389 3165 434 3248; x_wconf 80' lang='grc' dir='ltr'><strong><em>ὡς</em></strong></span> <span class='ocrx_word' id='word_1_262' title='bbox 458 3165 475 3235; x_wconf 92' lang='lat'><strong><em>6</em></strong></span> <span class='ocrx_word' id='word_1_263' title='bbox 495 3176 562 3235; x_wconf 89' lang='lat' dir='ltr'><strong><em>BA</em></strong></span> <span class='ocrx_word' id='word_1_264' title='bbox 579 3172 661 3257; x_wconf 78' lang='grc' dir='ltr'><strong><em>πρὸς</em></strong></span> <span class='ocrx_word' id='word_1_265' title='bbox 684 3173 744 3238; x_wconf 83' lang='grc' dir='ltr'><strong><em>τὸν</em></strong></span> <span class='ocrx_word' id='word_1_266' title='bbox 764 3175 839 3256; x_wconf 89' lang='grc' dir='ltr'>ΑΓ,</span> <span class='ocrx_word' id='word_1_267' title='bbox 864 3168 971 3252; x_wconf 77' lang='grc' dir='ltr'><em>οὕτως</em></span> <span class='ocrx_word' id='word_1_268' title='bbox 993 3171 1031 3240; x_wconf 87' lang='grc' dir='ltr'><strong><em>τὸ</em></strong></span> <span class='ocrx_word' id='word_1_269' title='bbox 1053 3167 1109 3238; x_wconf 86' lang='grc' dir='ltr'><strong><em>ιἰιιὸ</em></strong></span> 
     </span>
     <span class='ocr_line' id='line_1_30' title="bbox 102 3271 1111 3364; baseline 0.006 -25"><span class='ocrx_word' id='word_1_270' title='bbox 102 3275 161 3358; x_wconf 79' lang='grc' dir='ltr'><strong><em>τῆς</em></strong></span> <span class='ocrx_word' id='word_1_271' title='bbox 180 3280 251 3340; x_wconf 92' lang='grc' dir='ltr'><strong><em>ΖΗ</em></strong></span> <span class='ocrx_word' id='word_1_272' title='bbox 266 3275 349 3361; x_wconf 80' lang='grc' dir='ltr'><em>πρὸς</em></span> <span class='ocrx_word' id='word_1_273' title='bbox 371 3271 409 3342; x_wconf 81' lang='grc' dir='ltr'><strong><em>τὸ</em></strong></span> <span class='ocrx_word' id='word_1_274' title='bbox 432 3272 498 3341; x_wconf 77' lang='grc' dir='ltr'><strong><em>ἀπὸ</em></strong></span> <span class='ocrx_word' id='word_1_275' title='bbox 522 3286 580 3362; x_wconf 84' lang='grc' dir='ltr'><strong><em>τῆς</em></strong></span> <span class='ocrx_word' id='word_1_276' title='bbox 599 3283 677 3362; x_wconf 88' lang='grc' dir='ltr'><strong><em>ΗΘ,</em></strong></span> <span class='ocrx_word' id='word_1_277' title='bbox 696 3274 852 3362; x_wconf 77' lang='grc' dir='ltr'><strong><em>μειζον”</em></strong></span> <span class='ocrx_word' id='word_1_278' title='bbox 832 3303 896 3364; x_wconf 82' lang='grc' dir='ltr'><strong><em>αρν</em></strong></span> <span class='ocrx_word' id='word_1_279' title='bbox 915 3277 953 3346; x_wconf 87' lang='grc' dir='ltr'><strong><em>τὸ</em></strong></span> <span class='ocrx_word' id='word_1_280' title='bbox 973 3274 1039 3348; x_wconf 81' lang='grc' dir='ltr'><strong><em>ἀπὸ</em></strong></span> <span class='ocrx_word' id='word_1_281' title='bbox 1060 3280 1111 3363; x_wconf 76' lang='grc' dir='ltr'><strong><em>τής</em></strong></span> 
     </span>
    </p>
   </div>
   <div class='ocr_carea' id='block_1_3' title="bbox 101 3429 1112 3576">
    <p class='ocr_par' dir='ltr' id='par_1_3' title="bbox 101 3429 1112 3576">
     <span class='ocr_line' id='line_1_31' title="bbox 175 3429 1112 3524; baseline 0.003 -38"><span class='ocrx_word' id='word_1_282' title='bbox 175 3439 197 3486; x_wconf 80' lang='grc'><strong><em>7.</em></strong></span> <span class='ocrx_word' id='word_1_283' title='bbox 218 3429 450 3524; x_wconf 78' lang='grc' dir='ltr'><strong><em>ἄσύμμειρονΓ,</em></strong></span> <span class='ocrx_word' id='word_1_284' title='bbox 474 3434 523 3488; x_wconf 85' lang='lat' dir='ltr'><strong><em>sed</em></strong></span> <span class='ocrx_word' id='word_1_285' title='bbox 546 3451 616 3488; x_wconf 85' lang='lat' dir='ltr'>corr.</span> <span class='ocrx_word' id='word_1_286' title='bbox 697 3435 804 3506; x_wconf 85' lang='grc' dir='ltr'><strong><em>ΘΗ]</em></strong></span> <span class='ocrx_word' id='word_1_287' title='bbox 795 3453 825 3489; x_wconf 91' lang='lat' dir='ltr'><strong><em>1n</em></strong></span> <span class='ocrx_word' id='word_1_288' title='bbox 849 3452 902 3491; x_wconf 77' lang='lat' dir='ltr'><strong>ras.</strong></span> <span class='ocrx_word' id='word_1_289' title='bbox 923 3437 961 3504; x_wconf 83' lang='lat' dir='ltr'><strong><em>V,</em></strong></span> <span class='ocrx_word' id='word_1_290' title='bbox 989 3440 1046 3493; x_wconf 87' lang='grc' dir='ltr'><strong><em>ΗΘ</em></strong></span> <span class='ocrx_word' id='word_1_291' title='bbox 1064 3436 1112 3491; x_wconf 86' lang='lat' dir='ltr'><strong><em>Fb.</em></strong></span> 
     </span>
     <span class='ocr_line' id='line_1_32' title="bbox 101 3500 956 3576; baseline 0.008 -21"><span class='ocrx_word' id='word_1_292' title='bbox 101 3501 210 3559; x_wconf 88' lang='lat' dir='ltr'>Deinde</span> <span class='ocrx_word' id='word_1_293' title='bbox 225 3500 322 3559; x_wconf 58' lang='grc' dir='ltr'><strong><em>οιίᾶ.ρ</em></strong></span> <span class='ocrx_word' id='word_1_294' title='bbox 305 3501 391 3576; x_wconf 77' lang='grc' dir='ltr'><em>μητὸν</em></span> <span class='ocrx_word' id='word_1_295' title='bbox 407 3501 480 3560; x_wconf 83' lang='lat'><strong><em>66</em></strong></span> <span class='ocrx_word' id='word_1_296' title='bbox 453 3526 485 3560; x_wconf 87' lang='grc' dir='ltr'><strong><em>το</em></strong></span> <span class='ocrx_word' id='word_1_297' title='bbox 501 3501 558 3559; x_wconf 79' lang='grc' dir='ltr'><strong><em>ἀπὸ</em></strong></span> <span class='ocrx_word' id='word_1_298' title='bbox 573 3506 622 3574; x_wconf 78' lang='grc' dir='ltr'><strong><em>τῆς</em></strong></span> <span class='ocrx_word' id='word_1_299' title='bbox 637 3509 695 3559; x_wconf 88' lang='grc' dir='ltr'><strong><em>ΖΗ</em></strong></span> <span class='ocrx_word' id='word_1_300' title='bbox 707 3506 805 3560; x_wconf 83' lang='lat' dir='ltr'>Theon</span> <span class='ocrx_word' id='word_1_301' title='bbox 819 3505 956 3575; x_wconf 84' lang='lat' dir='ltr'><strong>(BFVb).</strong></span> 
     </span>
    </p>
   </div>
   <div class='ocr_carea' id='block_1_4' title="bbox 0 0 1170 3840">
    <p class='ocr_par' dir='ltr' id='par_1_4' title="bbox 0 0 1170 3840">
     <span class='ocr_line' id='line_1_33' title="bbox 0 0 1170 3840; baseline 0 1"><span class='ocrx_word' id='word_1_302' title='bbox 0 0 1170 3840; x_wconf 95' lang='lat' dir='ltr'><strong><em> </em></strong></span> 
     </span>
    </p>
   </div>
  </div>
 </body>
</html>
