2378 3832
107 153 172 218 282
493 155 695 208 ΣΤοιΧοιοα
713 152 741 210 ι’.

106 295 161 363 καὶ
186 299 268 362 ἔστω
292 292 329 362 τὸ
351 292 418 362 ὑπὸ
441 299 508 363 τῶν
532 304 563 363 A
570 301 607 379 Ζ,
628 301 699 362 ΖΗ·
734 292 921 381 σύμμετρος
944 293 1010 379 ἄρα
1033 291 1122 359 ἐστὶν

107 400 128 486 ή
148 410 179 469 Α
186 407 213 467 Ζ
231 403 270 488 τή
290 407 358 467 ΖΗ
376 400 481 487 μήκει.
513 401 568 469 καὶ
587 398 607 486 ή
627 408 698 469 ΑΗ
718 397 783 487 ἄρα
801 399 940 490 ἑκατέρᾳ
959 401 1028 466 τῶν
1049 404 1082 465 Λ
1088 405 1121 483 Ζ,

108 513 176 593 ΖΗ
195 505 378 593 σύμμετρός
401 508 469 575 ἐστι
493 506 598 594 μήκει.
636 503 718 593 ῥητή
743 504 780 573 δὲ
802 504 823 592 ή
848 512 922 573 ΑΗ
938 503 997 572 καὶ
1019 499 1121 590 ἀσήμ-

107 637 226 699 μετρος
248 623 287 701 τῇ
311 619 381 680 ΑΓ
398 614 507 700 μήκει·
544 612 599 679 καὶ
623 613 760 700 ἑκατέρα
783 609 848 700 ἄρα
870 614 938 680 τῶν
964 617 1043 696 ΑΖ,
1064 615 1124 678 ΖΗ

73 745 89 793 5
108 719 191 807 ῥητή
214 720 282 786 ἐστι
301 718 357 785 καὶ
375 716 586 807 ἀσύμμετρος
603 722 644 806 τή
663 724 732 787 ΑΓ
747 716 855 804 μήκει·
881 715 1045 805 ἑκάτερον
1063 713 1121 804 ἄρα

107 828 175 892 τῶν
202 830 275 908 ΑΙ,
301 829 367 891 ΖΚ
397 826 501 910 μέσον
535 828 633 893 ἐστίν.
685 823 803 909 πάλιν,
836 823 904 891 ἐπεὶ
937 821 1121 910 σύμμετρός

108 930 197 998 ἐστιν
221 929 241 1015 ή
264 936 333 996 ΔΕ
353 933 393 1017 τή
413 937 486 1015 ΕΗ,
509 930 565 997 καὶ
586 930 606 1016 ή
627 937 700 997 ΛΗ
715 927 781 1016 ἄρα
800 929 938 1019 ἑκατέρᾳ
957 932 1029 996 τῶν
1050 935 1115 1012 ΔΕ,

108 1041 180 1101 ΕΗ
198 1033 381 1121 σύμμετρός
405 1037 504 1103 ἐστιν.
544 1033 617 1103 ἀλλ’
643 1035 663 1122 ή
690 1043 763 1104 ΔΗ
782 1034 968 1122 σύμμετρός
992 1036 1065 1102 ἐστι
1086 1042 1117 1122 τῇ

108 1149 140 1208 Α
147 1145 179 1208 Γ
198 1138 293 1226 μήκει
325 1139 420 1228 [ῥητή
441 1140 506 1228 ἄρα
528 1142 583 1209 καὶ
607 1142 744 1229 ἑκατέρα
766 1145 836 1209 τῶν
858 1147 942 1226 ΔΕ,
968 1147 1047 1208 ΕΗ
1072 1139 1120 1207 καὶ

59 1273 91 1322 10
110 1247 295 1334 σύμμετρος
313 1256 352 1334 τῇ
371 1251 439 1314 ΑΓ
458 1245 578 1333 μήκει].
615 1245 774 1332 ἑκάτερον
792 1242 857 1332 ἅμα
874 1248 943 1313 τῶν
963 1252 997 1311 Λ
1004 1251 1045 1329 Θ,
1060 1249 1122 1311 ΕΚ

108 1351 210 1438 ῥητόν
235 1353 334 1419 ἐστιν.

174 1456 376 1525 Συνεστάτω
408 1449 470 1525 οὖν
498 1460 543 1549 τῷ
572 1455 633 1543 μὲν
658 1462 718 1522 ΑΙ
744 1463 820 1523 ἴσον
847 1453 1062 1543 τετράγωνον
1087 1451 1120 1524 τὸ

108 1566 198 1646 ΛΜ,
231 1572 276 1654 τῷ
310 1561 347 1630 δὲ
375 1570 442 1632 ΖΚ
470 1571 545 1631 ἴσον
573 1560 765 1651 ἀφῃρήσθω
793 1562 830 1630 τὸ
859 1564 929 1640 ΝΞ
954 1562 1032 1650 περὶ
1064 1562 1121 1648 τήν

108 1663 213 1754 αὐτήν
235 1673 362 1754 γωνίαν
386 1665 426 1738 ὂν
449 1673 494 1762 τῷ
519 1676 600 1736 ΛΜ
622 1668 683 1755 τήν
705 1666 772 1736 ὑπὸ
796 1672 864 1736 τῶν
887 1674 1013 1736 ΛΟΜ·
1051 1668 1120 1756 περὶ

58 1804 92 1852 15
110 1772 172 1860 τήν
187 1771 293 1860 αὐτὴν
313 1774 377 1861 ἄρα
397 1776 465 1843 ἐστὶ
485 1775 664 1863 διάμετρον
684 1772 723 1841 τὰ
737 1780 823 1859 ΛΜ,
839 1781 877 1841 Ν
878 1777 909 1850 Ξ
923 1774 1120 1863 τετράγωνα.

109 1884 191 1947 ἔστω
215 1879 327 1949 αὐτῶν
352 1880 528 1968 διάμετρος
554 1880 575 1967 ἡ
603 1886 677 1966 ΟΡ,
704 1879 760 1947 καὶ
787 1879 1060 1968 καταγεγράφθω
1086 1877 1118 1948 τὸ

109 1989 225 2072 σχήμα.
264 1987 333 2054 ἐπεὶ
353 1979 420 2053 ὀὖν
443 1984 483 2054 τὰ
507 1992 575 2071 ΑΙ,
595 1991 663 2052 ΖΚ
684 1985 768 2071 μέσα
792 1985 860 2052 ἐστὶ
881 1991 941 2052 καί
957 1986 1051 2054 ἐστιν
1070 1993 1120 2053 ἴσα

108 2104 178 2170 τοῖς
201 2090 266 2160 ἀπὸ
294 2096 361 2159 τῶν
385 2098 465 2176 ΛΟ,
491 2098 574 2177 ON,
607 2091 663 2157 καὶ
691 2088 731 2157 τὰ
760 2088 824 2159 ἀπὸ
852 2102 919 2161 τῶν
948 2098 1033 2178 ΛΟ,
1058 2097 1124 2159 ON

110 2194 202 2283 [ἄρα]
234 2198 318 2284 μέσα
346 2200 448 2266 ἐστίν·
491 2197 546 2265 καὶ
575 2199 612 2264 αἱ
638 2202 719 2283 ΛΟ,
746 2203 814 2264 ON
840 2195 906 2283 ἄρα
932 2197 1033 2283 μέσαι
1060 2196 1120 2265 εἰσὶ

56 2331 91 2380 20
111 2300 253 2388 δυνάμει
276 2302 383 2391 μόνον
407 2303 597 2391 σύμμετροι.
638 2302 695 2370 καὶ
719 2302 788 2370 ἐπεὶ
811 2300 848 2370 τὸ
867 2299 932 2370 ὑπὸ
955 2307 1026 2370 τῶν
1048 2309 1119 2388 ΑΖ,

109 2415 177 2475 ΖΗ
196 2416 272 2475 ἴσον
295 2409 364 2477 ἐστὶ
386 2413 431 2502 τῷ
456 2407 521 2477 ἀπὸ
544 2413 603 2496 τῆς
625 2415 703 2495 ΕΗ,
732 2413 822 2482 ἔστιν
850 2406 915 2496 ι’ἷρα
944 2405 991 2488 ὡς
1013 2407 1034 2496 ή
1058 2415 1120 2477 ΑΖ

107 2512 190 2603 πρὸς
213 2513 275 2602 τήν
299 2522 378 2602 ΕΗ,
410 2515 515 2594 οὕτως
538 2515 558 2601 ή
584 2522 654 2582 ΕΗ
672 2515 754 2602 πρὸς
776 2515 840 2600 τήν
864 2519 940 2580 ΖΗ·
977 2511 1053 2582 ἀλλ’
1080 2511 1121 2593 ὡς

107 2621 168 2709 μὲν
192 2619 212 2708 ή
232 2630 298 2690 ΑΖ
320 2620 404 2710 πρὸς
426 2624 487 2707 τήν
511 2628 587 2706 ΕΗ,
612 2618 717 2699 οὕτως
739 2617 777 2688 τὸ
799 2625 860 2687 ΑΙ
879 2617 963 2707 πρὸς
985 2617 1025 2688 τὸ
1044 2626 1120 2687 ΕΚ·

109 2725 154 2806 ὥς
177 2726 214 2795 δὲ
237 2726 258 2814 ή
282 2735 352 2797 ΕΗ
369 2726 452 2815 πρὸς
474 2724 536 2813 τήν
556 2733 630 2813 ΖΗ,
655 2724 760 2806 οὕτως
780 2726 876 2810 [ἐστὶ]
896 2723 933 2793 τὸ
953 2732 1026 2793 ΕΚ
1041 2724 1121 2814 πρὸς

55 2858 91 2908 25
108 2831 145 2899 τὸ
171 2838 250 2899 ΖΚ·
286 2844 355 2902 τῶν
378 2831 445 2921 ἄρα
467 2839 540 2918 ΑΙ,
565 2839 632 2901 ΖΚ
658 2834 761 2918 μέσον
790 2829 960 2918 ἀνάλογόν
988 2834 1058 2901 ἐστι
1086 2829 1121 2900 τὸ

109 3061 167 3117 ..ι
182 2993 458 3133 κακή.)
472 2989 1056 3147 ἰή.ειμι·ιξιήικιιέειιξ
1073 2993 1122 3129 ιι

110 3134 172 3187 ΗΚ
189 3133 269 3203 (corr.
289 3149 323 3187 ex
342 3137 395 3188 ΖΚ
412 3132 458 3203 Κ).
487 3133 536 3188 καὶ
556 3129 618 3188 ἐπεὶ
637 3151 793 3203 συμμετρος
812 3129 887 3186 ἐστιν
906 3152 924 3201 η
944 3135 994 3185 AZ
1013 3152 1046 3203 τῃ
1068 3135 1126 3186 ΖΗ

109 3199 194 3273 μήκει
207 3203 235 3272 b,
254 3203 349 3274 Vmg.
364 3222 400 3258 m.
418 3203 558 3275 1‚Fmg.‚
578 3203 627 3258 sed
641 3220 720 3258 enan.
776 3208 801 3256 4.
821 3198 891 3273 ἄρα]
911 3203 1043 3260 om.FV.
1099 3210 1122 3258 6.

108 3273 171 3345 AI]
189 3274 258 3330 mut.
277 3273 376 3329 inAz
393 3275 425 3344 F,
443 3279 492 3329 AZ
511 3276 538 3330 b.
599 3279 656 3328 ZH
671 3275 698 3343 b,
718 3276 747 3328 et
765 3291 780 3328 e
799 3289 869 3328 corr.
889 3273 919 3327 Ε.
983 3269 1047 3330 ἐστί
1061 3273 1122 3360 ΒΚ,

16 3366 21 3381 ··
110 3360 200 3414 comp.
218 3344 274 3402 Fb.
330 3351 353 3401 ⁷.
379 3342 492 3417 ἡΔΗ]
514 3351 573 3399 ΗΔ
592 3343 621 3400 F.
677 3351 702 3400 8.
727 3340 806 3470 ἕστιέ
825 3362 861 3398 m.
881 3350 897 3399 2
916 3344 948 3399 Β.
1005 3351 1030 3402 9.
1054 3342 1122 3416 ήητή

110 3446 145 3459 -
165 3421 206 3471 10.
220 3411 322 3505 μήκει]
343 3431 397 3472 om.
417 3415 446 3471 P.
520 3421 544 3472 9.
565 3419 629 3483 ΔΕ,
649 3415 725 3487 ΕΗ]
745 3419 769 3468 Ε
808 3417 832 3470 is
851 3415 881 3470 in
899 3431 954 3470 ras.
973 3415 1019 3500 V‘.
1082 3421 1121 3470 10.

100 3486 153 3543 καὶ
171 3481 312 3563 [uatem
332 3486 357 3548 b.
435 3492 477 3544 11.
498 3482 558 3544 ἐστι
573 3485 669 3557 ΡΒΚ,
686 3503 778 3555 eom.
790 3486 851 3540 U.
906 3493 967 3539 w.
981 3488 1040 3558 τῳ)
1055 3503 1121 3544 corr.
