2378 3832
85 152 150 216 184
469 151 671 204 ΣΤΟΙΧΕΙΩΝ
689 148 716 206 ι’.

85 319 202 380 μετρος
224 297 264 381 τῇ
287 298 377 376 ΜΛ,
400 293 549 360 τουτέστι
572 296 612 381 τῇ
636 300 718 378 ΔΕ,
743 290 848 380 μήκει.
892 296 963 359 ἐστι
983 291 1024 359 δὲ
1042 292 1102 359 καὶ

85 396 203 484 ἡΜΔ
218 398 299 486 ῥητη
322 398 378 464 καὶ
400 401 440 486 τῇ
456 405 526 465 ΔΕ
537 399 634 484 μήκει
657 397 854 485 σύμμετρος·
887 395 1104 485 ἀσύμμετρος

85 503 150 592 άρα
174 504 266 571 ἐστὶν
293 500 314 589 η
340 510 418 570 ΔΜ
437 515 476 593 τῇ
501 511 585 572 ΜΗ
604 504 717 594 μήκει,
749 509 808 573 καί
827 507 892 572 εἰσι
916 505 1027 591 ῥηταί·
1067 508 1106 572 αλ

87 617 179 693 ΔΜ,
203 616 286 677 ΜΗ
305 607 370 696 άρα
399 611 499 696 ῥηταί
519 614 583 678 εἰσι
607 609 750 697 δυνάμει
773 610 880 696 μόνον
903 609 1102 700 σύμμετροι·

54 718 125 786 οέκ
148 714 301 803 δύοάρα
324 714 499 802 ὀνομάτων
524 717 613 784 ἐστὶν
635 714 656 802 η
681 723 762 784 ΔΗ.

151 822 311 890 Δεικτέον
335 820 388 907 δή,
413 819 463 890 ὅτι
487 823 542 889 καὶ
565 821 687 909 πρώτη.

148 924 237 996 Ἐπεὶ
260 931 327 994 τῶν
351 924 416 994 άπὸ
438 931 507 995 τάν
526 933 600 1013 ΑΓ,
625 933 684 994 ΓΒ
708 929 812 1014 μέσον
836 925 1010 1014 ἀνάλογόν
1026 929 1093 995 ἐστι

83 1033 121 1102 τὸ
144 1031 210 1101 ὑπὸ
233 1036 300 1100 τῶν
319 1038 434 1117 ΑΓΒ,
458 1034 512 1101 καὶ
535 1044 602 1102 τῶν
622 1041 699 1120 ΛΘ,
719 1041 753 1102 Κ
759 1040 790 1100 Λ
808 1031 873 1121 άρα
896 1033 1002 1118 μέσον
1019 1030 1099 1101 ἀνά-

84 1139 188 1224 λογόν
215 1141 284 1207 ἐστι
311 1137 348 1206 τὸ
376 1142 456 1215 ΜΞ.
498 1145 588 1208 ἐστιν
616 1139 682 1224 άρα
711 1139 755 1220 ὡς
782 1137 820 1208 τὸ
848 1145 917 1206 ΛΘ
948 1137 1035 1225 πρὸς
1061 1141 1101 1208 τὸ

31 1270 65 1319 10
84 1247 166 1330 ΜΞ,
190 1243 296 1324 οὕτως
318 1244 355 1312 τὸ
377 1248 450 1321 ΜΞ
465 1243 549 1333 πρὸς
570 1245 608 1314 τὸ
628 1253 708 1332 ΚΛ,
731 1246 902 1313 τουτέστιν
922 1241 969 1324 ὡς
988 1242 1011 1331 ἡ
1029 1251 1104 1313 ΔΚ

84 1350 167 1438 πρὸς
194 1349 256 1436 την
279 1358 373 1435 ΜΝ,
400 1347 421 1437 ἡ
446 1359 526 1419 ΜΝ
551 1352 635 1439 πρὸς
662 1351 724 1439 τὴν
747 1359 837 1420 ΜΚ·
874 1353 913 1419 τὸ
939 1348 1008 1437 ἄρα
1034 1347 1101 1418 ὑπὸ

84 1460 151 1523 τῶν
175 1462 260 1540 ΛΚ,
283 1463 361 1524 ΚΜ
383 1464 459 1524 ἴσον
488 1458 556 1526 ἐστὶ
579 1463 624 1551 τῷ
650 1455 715 1525 άπὸ
738 1461 796 1544 τῆς
818 1463 905 1524 ΜΝ.
949 1457 1009 1524 καλ
1030 1457 1096 1525 ἐπεὶ

85 1563 274 1650 σύμμετρόν
299 1565 367 1630 ἐστι
390 1562 427 1631 τὸ
451 1561 517 1631 άπὸ
539 1575 596 1650 τῆς
615 1570 687 1631 ΑΓ
699 1568 744 1655 τῳ
768 1561 834 1631 άπὸ
853 1573 910 1649 τῆς
928 1567 1003 1648 ΓΒ,
1022 1560 1100 1649 σύμ

84 1669 206 1757 μετρόν
231 1672 299 1737 ἐστι
322 1670 377 1738 καὶ
400 1668 438 1737 τὸ
462 1677 529 1737 ΛΘ
551 1674 596 1760 τῷ
621 1675 703 1737 ΚΛ·
737 1668 897 1738 ὥστεκαὶ
920 1665 941 1754 ἡ
967 1674 1042 1737 ΔΚ
1061 1672 1102 1756 τῇ

32 1803 66 1850 15
85 1783 166 1845 KM
185 1775 372 1864 σύμμετρός
402 1779 500 1844 ἐστιν.
545 1775 601 1843 καὶ
629 1776 698 1843 ἐπεὶ
722 1775 855 1860 μείζονά
879 1776 946 1842 ἐστι
970 1774 1011 1842 τὰ
1034 1772 1104 1844 άπὸ

84 1895 152 1953 τῶν
175 1890 250 1968 ΑΓ,
275 1890 335 1951 ΓΒ
359 1887 420 1951 τοῦ
444 1882 495 1961 δὶς
517 1879 583 1949 ὑπὸ
606 1885 674 1949 τάν
697 1888 771 1969 ΑΓ,
794 1889 870 1968 ΓΒ,
898 1887 1011 1968 μεῖζον
1035 1880 1105 1969 ἄρα

84 1990 139 2057 καὶ
157 1989 195 2058 τὸ
213 1997 281 2057 ΔΛ
299 1993 360 2056 τοῦ
378 1995 463 2056 ΜΖ·
488 1986 572 2056 ὥστε
595 1988 650 2055 καὶ
669 1986 690 2075 ἡ
710 1996 792 2055 ΔΜ
806 1992 864 2075 της
883 1995 965 2057 ΜΗ
980 1992 1104 2074 μείζων

86 2099 184 2163 ἐστίν.
229 2101 288 2162 καί
309 2097 398 2162 ἐστιν
422 2102 498 2161 ἴσον
522 2091 559 2160 τὸ
582 2091 648 2162 ὑπὸ
672 2105 740 2162 τῶν
759 2101 842 2179 ΔΚ,
864 2100 942 2162 ΚΜ
962 2097 1009 2185 τῷ
1034 2091 1104 2162 άπὸ

84 2204 142 2286 τῆς
165 2207 253 2283 ΜΝ,
276 2202 425 2268 τουτέστι
448 2203 494 2290 τῳ
516 2198 660 2288 τετάρτῳ
683 2203 744 2267 τοῦ
768 2197 832 2268 άπὸ
857 2202 915 2284 τῆς
933 2205 1022 2284 ΜΗ,
1045 2199 1105 2267 καὶ

31 2330 66 2378 20
86 2303 270 2391 σύμμετρος
284 2301 305 2389 η
321 2310 394 2371 ΔΚ
404 2308 444 2392 τῇ
460 2311 548 2372 ΚΜ.
582 2303 693 2372 ἐὰνδὲ
712 2296 775 2372 ὦσι
794 2302 857 2371 δύο
878 2301 1008 2371 εὐθεῖαι
1027 2303 1104 2372 άνι-

85 2430 154 2495 σοι,
183 2413 228 2501 τῳ
248 2410 285 2477 δὲ
302 2411 445 2499 τετάρτῳ
465 2412 556 2497 μέρει
576 2413 637 2478 τοῦ
659 2408 723 2478 άπὸ
742 2415 801 2496 τῆς
820 2408 1001 2488 ἐλάσσονος
1023 2418 1105 2479 ῐσον

83 2518 172 2600 παρά
191 2516 251 2602 τὴν
270 2520 403 2602 μείζονα
417 2520 617 2604 παραβληθῇ
635 2517 786 2583 ἐλλεῖπον
801 2517 882 2583 ελδει
901 2515 1103 2608 τετραγώνῳ

83 2623 138 2690 καὶ
157 2626 204 2702 εἰς
222 2622 391 2707 σύμμετρα
410 2615 516 2706 αὐτὴν
531 2625 656 2709 διαιρῇ,
675 2618 696 2706 ἡ
712 2626 831 2707 μείζων
845 2624 903 2706 τῆς
918 2620 1105 2703 ἐλάσσονος

84 2735 195 2814 μεῖζον
218 2728 358 2796 δύναται
380 2731 425 2819 τῳ
450 2725 515 2794 άπὸ
535 2730 726 2814 συμμέτρου
749 2727 864 2815 ἑαυτῇ·
891 2723 912 2812 η
938 2735 1020 2795 ΔΜ
1031 2727 1101 2816 ἄρα

30 2857 66 2908 25
84 2838 142 2920 της
170 2840 254 2902 ΜΗ
279 2838 391 2920 μεῖζον
424 2831 566 2901 δύναται
598 2838 643 2924 τῳ
673 2831 738 2901 άπὸ
769 2835 958 2920 συμμέτρου
989 2834 1105 2923 ἑαυτῇ.

83 2946 144 3008 καί
165 2944 228 3008 εἰσι
253 2939 350 3026 ῥηταὶ
373 2943 410 3006 αἱ
428 2946 515 3025 ΛΜ,
535 2946 625 3025 ΜΗ,
645 2939 700 3005 καὶ
718 2937 739 3025 ἡ
755 2948 788 3005 Δ
796 2945 838 3007 Μ
856 2945 968 3026 μεῖζον
992 2937 1104 3028 ὄνομα

85 3038 171 3116 οὖσα
195 3045 382 3132 σύμμετρός
404 3047 472 3114 ἐστι
495 3072 535 3134 τη
556 3046 725 3132 ἐκκειμένῃ
747 3047 829 3132 ῥητῇ
848 3048 888 3132 τῇ
907 3052 978 3112 ΔΕ
995 3045 1103 3131 μήκει.

160 3212 182 3259 1.
202 3203 282 3275 ΜΛ]
305 3208 369 3259 ΛΜ
386 3205 415 3258 in
433 3222 486 3259 ras.
506 3203 539 3258 V.
614 3201 688 3258 ἐστιν
710 3203 767 3260 ΡΒ.
841 3211 865 3258 3.
886 3205 961 3272 ΔΜ]
986 3208 1051 3258 ΜΔ
1070 3206 1100 3260 Ρ.

121 3279 175 3330 καί
200 3273 272 3346 εἰσι]
303 3293 318 3330 ε
342 3292 410 3330 corr.
433 3275 467 3328 V.
545 3273 615 3328 εἰσιν
638 3275 669 3327 Β.
742 3281 767 3329 4.
796 3278 870 3341 ΔΜ,
890 3277 958 3327 ΜΗ
983 3270 1058 3346 ἄρα]
1086 3292 1100 3330 e

85 3364 156 3405 corr.
174 3346 209 3401 V.
283 3350 308 3401 ὁ.
328 3341 399 3415 ἄρα]
420 3361 573 3414 suprascr.
594 3345 624 3410 F,
644 3362 697 3400 om.
713 3345 742 3399 Ρ.
817 3351 840 3400 7.
860 3344 930 3399 Post
953 3341 1021 3400 ἐπεί
1036 3346 1098 3399 add.

84 3417 139 3501 ρᾶρ
161 3416 252 3487 BVb,
279 3417 301 3471 Ε
325 3435 362 3470 m.
386 3422 410 3470 2.
488 3422 512 3470 8.
537 3419 602 3496 ΚΓ,
624 3419 673 3468 ΓΒ
696 3433 732 3470 m.
758 3421 773 3468 2
798 3415 831 3470 V.
910 3415 1101 3503 10.'AK]'1(

75 3506 113 3545 w
130 3504 186 3547 m.
209 3486 241 3543 V.
316 3493 358 3543 13.
378 3486 446 3559 ΓΒ]
471 3490 525 3541 ΒΓ
545 3505 576 3541 m
593 3502 649 3541 τοι.
667 3485 701 3540 V.
776 3492 817 3540 ιο,
841 3488 906 3539 ΚΜ
927 3505 1010 3554 μηκει
1033 3504 1097 3556 σιμ-
