<?xml version="1.0" encoding="UTF-8"?>
<!DOCTYPE html PUBLIC "-//W3C//DTD XHTML 1.0 Transitional//EN"
    "http://www.w3.org/TR/xhtml1/DTD/xhtml1-transitional.dtd">
<html xmlns="http://www.w3.org/1999/xhtml" xml:lang="en" lang="en">
 <head>
  <title>
</title>
<meta http-equiv="Content-Type" content="text/html;charset=utf-8" />
  <meta name='ocr-system' content='tesseract 3.04.00' />
  <meta name='ocr-capabilities' content='ocr_page ocr_carea ocr_par ocr_line ocrx_word'/>
</head>
<body>
  <div class='ocr_page' id='page_1' title='image "./euclidisoperaom11unkngoog_0037.png"; bbox 0 0 2378 3832; ppageno 0'>
   <div class='ocr_carea' id='block_1_1' title="bbox 109 142 739 209">
    <p class='ocr_par' dir='ltr' id='par_1_1' title="bbox 109 142 739 209">
     <span class='ocr_line' id='line_1_1' title="bbox 109 142 739 209; baseline 0.003 -11"><span class='ocrx_word' id='word_1_1' title='bbox 109 146 151 209; x_wconf 81' lang='grc'><strong><em>26</em></strong></span> <span class='ocrx_word' id='word_1_2' title='bbox 492 145 694 200; x_wconf 82' lang='grc' dir='ltr'>ΣΤΟΙΧΕΙΩΝ</span> <span class='ocrx_word' id='word_1_3' title='bbox 712 142 739 200; x_wconf 87' lang='grc' dir='ltr'><strong><em>ι’.</em></strong></span> 
     </span>
    </p>
   </div>
   <div class='ocr_carea' id='block_1_2' title="bbox 57 282 1127 1961">
    <p class='ocr_par' dir='ltr' id='par_1_2' title="bbox 107 282 1127 692">
     <span class='ocr_line' id='line_1_2' title="bbox 109 282 1127 374; baseline -0.001 -21"><span class='ocrx_word' id='word_1_4' title='bbox 109 284 271 373; x_wconf 78' lang='grc' dir='ltr'><strong><em>ἀριθμός,</em></strong></span> <span class='ocrx_word' id='word_1_5' title='bbox 293 287 348 353; x_wconf 83' lang='grc' dir='ltr'><strong><em>καὶ</em></strong></span> <span class='ocrx_word' id='word_1_6' title='bbox 368 285 385 354; x_wconf 98' lang='lat'><em>6</em></span> <span class='ocrx_word' id='word_1_7' title='bbox 405 287 611 373; x_wconf 74' lang='grc' dir='ltr'><strong><em>τετράγωνος</em></strong></span> <span class='ocrx_word' id='word_1_8' title='bbox 628 286 712 374; x_wconf 79' lang='grc' dir='ltr'><em>πρὸς</em></span> <span class='ocrx_word' id='word_1_9' title='bbox 729 285 788 353; x_wconf 84' lang='grc' dir='ltr'><strong><em>τὸν</em></strong></span> <span class='ocrx_word' id='word_1_10' title='bbox 808 285 1018 374; x_wconf 80' lang='grc' dir='ltr'><strong><em>τετράγωνον</em></strong></span> <span class='ocrx_word' id='word_1_11' title='bbox 1038 282 1127 371; x_wconf 81' lang='grc' dir='ltr'><strong><em>[ἀρι-</em></strong></span> 
     </span>
     <span class='ocr_line' id='line_1_3' title="bbox 107 387 1127 480; baseline -0.001 -20"><span class='ocrx_word' id='word_1_12' title='bbox 107 390 212 479; x_wconf 81' lang='grc' dir='ltr'><strong><em>θμὸν]</em></strong></span> <span class='ocrx_word' id='word_1_13' title='bbox 243 397 442 460; x_wconf 77' lang='grc' dir='ltr'><strong><em>διπλασίονα</em></strong></span> <span class='ocrx_word' id='word_1_14' title='bbox 474 391 578 477; x_wconf 91' lang='grc' dir='ltr'><strong><em>λόγον</em></strong></span> <span class='ocrx_word' id='word_1_15' title='bbox 606 397 687 479; x_wconf 79' lang='grc' dir='ltr'><strong><em>ἔχει,</em></strong></span> <span class='ocrx_word' id='word_1_16' title='bbox 720 391 804 478; x_wconf 75' lang='grc' dir='ltr'><strong><em>ἥπερ</em></strong></span> <span class='ocrx_word' id='word_1_17' title='bbox 837 387 857 476; x_wconf 96' lang='lat'><em>6</em></span> <span class='ocrx_word' id='word_1_18' title='bbox 886 387 1012 477; x_wconf 80' lang='grc' dir='ltr'><strong><em>πλευρὰ</em></strong></span> <span class='ocrx_word' id='word_1_19' title='bbox 1040 389 1127 480; x_wconf 77' lang='grc' dir='ltr'><strong><em>πρὸς</em></strong></span> 
     </span>
     <span class='ocr_line' id='line_1_4' title="bbox 107 494 1126 587; baseline 0.001 -23"><span class='ocrx_word' id='word_1_20' title='bbox 107 496 170 583; x_wconf 79' lang='grc' dir='ltr'><strong><em>τὴν</em></strong></span> <span class='ocrx_word' id='word_1_21' title='bbox 193 497 354 585; x_wconf 80' lang='grc' dir='ltr'><strong><em>πλευράν·</em></strong></span> <span class='ocrx_word' id='word_1_22' title='bbox 382 503 473 566; x_wconf 77' lang='grc' dir='ltr'><strong><em>ἔστιν</em></strong></span> <span class='ocrx_word' id='word_1_23' title='bbox 496 496 563 587; x_wconf 73' lang='grc' dir='ltr'><strong><em>ἄρα</em></strong></span> <span class='ocrx_word' id='word_1_24' title='bbox 585 498 641 565; x_wconf 83' lang='grc' dir='ltr'><strong><em>καὶ</em></strong></span> <span class='ocrx_word' id='word_1_25' title='bbox 665 495 710 578; x_wconf 80' lang='grc' dir='ltr'><strong><em>ὡς</em></strong></span> <span class='ocrx_word' id='word_1_26' title='bbox 732 496 769 565; x_wconf 83' lang='grc' dir='ltr'><strong><em>τὸ</em></strong></span> <span class='ocrx_word' id='word_1_27' title='bbox 794 494 861 565; x_wconf 79' lang='grc' dir='ltr'><strong><em>ἀπὸ</em></strong></span> <span class='ocrx_word' id='word_1_28' title='bbox 884 501 942 582; x_wconf 77' lang='grc' dir='ltr'><strong><em>τῆς</em></strong></span> <span class='ocrx_word' id='word_1_29' title='bbox 963 506 994 562; x_wconf 99' lang='lat' dir='ltr'><em>A</em></span> <span class='ocrx_word' id='word_1_30' title='bbox 1012 496 1126 582; x_wconf 82' lang='grc' dir='ltr'><em>τετρά-</em></span> 
     </span>
     <span class='ocr_line' id='line_1_5' title="bbox 108 601 1124 692; baseline 0.001 -21"><span class='ocrx_word' id='word_1_31' title='bbox 108 630 221 690; x_wconf 83' lang='grc' dir='ltr'><strong><em>γωνον</em></strong></span> <span class='ocrx_word' id='word_1_32' title='bbox 243 602 327 691; x_wconf 78' lang='grc' dir='ltr'><em>πρὸς</em></span> <span class='ocrx_word' id='word_1_33' title='bbox 349 603 386 672; x_wconf 81' lang='grc' dir='ltr'><strong><em>τὸ</em></strong></span> <span class='ocrx_word' id='word_1_34' title='bbox 411 601 476 671; x_wconf 81' lang='grc' dir='ltr'><strong><em>ἀπὸ</em></strong></span> <span class='ocrx_word' id='word_1_35' title='bbox 498 607 557 689; x_wconf 76' lang='grc' dir='ltr'><strong><em>τῆς</em></strong></span> <span class='ocrx_word' id='word_1_36' title='bbox 580 610 608 670; x_wconf 90' lang='grc' dir='ltr'><strong><em>Β</em></strong></span> <span class='ocrx_word' id='word_1_37' title='bbox 631 604 857 692; x_wconf 81' lang='grc' dir='ltr'><strong><em>τετράγωνον,</em></strong></span> <span class='ocrx_word' id='word_1_38' title='bbox 887 603 991 684; x_wconf 80' lang='grc' dir='ltr'><strong><em>οὕτως</em></strong></span> <span class='ocrx_word' id='word_1_39' title='bbox 1016 601 1033 671; x_wconf 93' lang='lat'><em>6</em></span> <span class='ocrx_word' id='word_1_40' title='bbox 1058 601 1124 672; x_wconf 76' lang='grc' dir='ltr'><strong><em>ἀπὸ</em></strong></span> 
     </span>
    </p>

    <p class='ocr_par' dir='ltr' id='par_1_3' title="bbox 73 707 1126 904">
     <span class='ocr_line' id='line_1_6' title="bbox 73 707 1126 798; baseline -0.005 -16"><span class='ocrx_word' id='word_1_41' title='bbox 73 713 167 782; x_wconf 79' lang='grc' dir='ltr'><strong><em>5ιοῦ</em></strong></span> <span class='ocrx_word' id='word_1_42' title='bbox 199 716 233 777; x_wconf 94' lang='grc' dir='ltr'>Γ</span> <span class='ocrx_word' id='word_1_43' title='bbox 258 710 465 798; x_wconf 73' lang='grc' dir='ltr'><strong><em>τετράγωνος</em></strong></span> <span class='ocrx_word' id='word_1_44' title='bbox 493 708 665 797; x_wconf 77' lang='grc' dir='ltr'><strong><em>[ἀριθμὸς]</em></strong></span> <span class='ocrx_word' id='word_1_45' title='bbox 696 708 779 795; x_wconf 82' lang='grc' dir='ltr'><em>πρὸς</em></span> <span class='ocrx_word' id='word_1_46' title='bbox 811 708 871 778; x_wconf 83' lang='grc' dir='ltr'><strong><em>τὸν</em></strong></span> <span class='ocrx_word' id='word_1_47' title='bbox 904 707 969 776; x_wconf 86' lang='grc' dir='ltr'><strong><em>αἰπὸ</em></strong></span> <span class='ocrx_word' id='word_1_48' title='bbox 998 713 1059 777; x_wconf 85' lang='grc' dir='ltr'><strong><em>τοῦ</em></strong></span> <span class='ocrx_word' id='word_1_49' title='bbox 1091 719 1126 777; x_wconf 98' lang='lat' dir='ltr'><em>A</em></span> 
     </span>
     <span class='ocr_line' id='line_1_7' title="bbox 110 812 735 904; baseline 0.003 -23"><span class='ocrx_word' id='word_1_50' title='bbox 110 812 285 904; x_wconf 79' lang='grc' dir='ltr'><strong><em>[ἀριθμοῦ]</em></strong></span> <span class='ocrx_word' id='word_1_51' title='bbox 309 815 522 901; x_wconf 81' lang='grc' dir='ltr'><strong><em>τετράγωνον</em></strong></span> <span class='ocrx_word' id='word_1_52' title='bbox 546 812 735 903; x_wconf 65' lang='grc' dir='ltr'><strong><em>[ἀριθμόνλ</em></strong></span> 
     </span>
    </p>

    <p class='ocr_par' dir='ltr' id='par_1_4' title="bbox 107 911 1126 1221">
     <span class='ocr_line' id='line_1_8' title="bbox 172 911 1126 1011; baseline 0 -22"><span class='ocrx_word' id='word_1_53' title='bbox 172 919 269 989; x_wconf 81' lang='grc' dir='ltr'><strong><em>Ἀλλά</em></strong></span> <span class='ocrx_word' id='word_1_54' title='bbox 295 920 336 1007; x_wconf 84' lang='lat'><strong><em>66</em></strong></span> <span class='ocrx_word' id='word_1_55' title='bbox 361 911 444 989; x_wconf 79' lang='grc' dir='ltr'><strong><em>ἔστω</em></strong></span> <span class='ocrx_word' id='word_1_56' title='bbox 464 919 509 999; x_wconf 81' lang='grc' dir='ltr'><strong><em>ὡς</em></strong></span> <span class='ocrx_word' id='word_1_57' title='bbox 530 919 568 988; x_wconf 78' lang='grc' dir='ltr'><strong><em>τὸ</em></strong></span> <span class='ocrx_word' id='word_1_58' title='bbox 592 919 657 990; x_wconf 86' lang='grc' dir='ltr'><strong><em>οάιὸ</em></strong></span> <span class='ocrx_word' id='word_1_59' title='bbox 681 925 740 1008; x_wconf 78' lang='grc' dir='ltr'><strong><em>τῆς</em></strong></span> <span class='ocrx_word' id='word_1_60' title='bbox 759 931 791 989; x_wconf 90' lang='lat' dir='ltr'><em>A</em></span> <span class='ocrx_word' id='word_1_61' title='bbox 807 922 1018 1011; x_wconf 82' lang='grc' dir='ltr'><strong><em>τετράγωνον</em></strong></span> <span class='ocrx_word' id='word_1_62' title='bbox 1040 920 1126 1009; x_wconf 81' lang='grc' dir='ltr'><strong><em>πρὸς</em></strong></span> 
     </span>
     <span class='ocr_line' id='line_1_9' title="bbox 107 1024 1126 1114; baseline 0 -20"><span class='ocrx_word' id='word_1_63' title='bbox 107 1026 145 1095; x_wconf 79' lang='grc' dir='ltr'><strong><em>τὸ</em></strong></span> <span class='ocrx_word' id='word_1_64' title='bbox 169 1026 233 1096; x_wconf 78' lang='grc' dir='ltr'><strong><em>ἀπὸ</em></strong></span> <span class='ocrx_word' id='word_1_65' title='bbox 258 1037 316 1114; x_wconf 78' lang='grc' dir='ltr'><strong><em>τῆς</em></strong></span> <span class='ocrx_word' id='word_1_66' title='bbox 339 1034 383 1111; x_wconf 90' lang='grc' dir='ltr'><strong><em>Β,</em></strong></span> <span class='ocrx_word' id='word_1_67' title='bbox 413 1025 518 1106; x_wconf 79' lang='grc' dir='ltr'><strong><em>οὕτως</em></strong></span> <span class='ocrx_word' id='word_1_68' title='bbox 546 1024 563 1095; x_wconf 92' lang='lat'><em>6</em></span> <span class='ocrx_word' id='word_1_69' title='bbox 589 1025 653 1095; x_wconf 82' lang='grc' dir='ltr'><strong><em>ἀπὸ</em></strong></span> <span class='ocrx_word' id='word_1_70' title='bbox 678 1032 738 1096; x_wconf 81' lang='grc' dir='ltr'><strong><em>τοῦ</em></strong></span> <span class='ocrx_word' id='word_1_71' title='bbox 762 1034 795 1095; x_wconf 91' lang='grc' dir='ltr'><em>Γ</em></span> <span class='ocrx_word' id='word_1_72' title='bbox 813 1027 1019 1114; x_wconf 80' lang='grc' dir='ltr'><strong><em>τετράγωνος</em></strong></span> <span class='ocrx_word' id='word_1_73' title='bbox 1041 1026 1126 1113; x_wconf 78' lang='grc' dir='ltr'><em>πρὸς</em></span> 
     </span>
     <span class='ocr_line' id='line_1_10' title="bbox 107 1130 1126 1221; baseline 0.002 -22"><span class='ocrx_word' id='word_1_74' title='bbox 107 1130 167 1200; x_wconf 87' lang='grc' dir='ltr'><strong><em>τὸν</em></strong></span> <span class='ocrx_word' id='word_1_75' title='bbox 196 1131 261 1200; x_wconf 80' lang='grc' dir='ltr'><strong><em>ἀπὸ</em></strong></span> <span class='ocrx_word' id='word_1_76' title='bbox 290 1137 351 1201; x_wconf 80' lang='grc' dir='ltr'><strong><em>τοῦ</em></strong></span> <span class='ocrx_word' id='word_1_77' title='bbox 379 1142 412 1200; x_wconf 95' lang='lat' dir='ltr'><em>A</em></span> <span class='ocrx_word' id='word_1_78' title='bbox 437 1130 687 1220; x_wconf 77' lang='grc' dir='ltr'><strong><em>[τετράγοινον]·</em></strong></span> <span class='ocrx_word' id='word_1_79' title='bbox 724 1134 824 1221; x_wconf 82' lang='grc' dir='ltr'><strong><em>λέγω,</em></strong></span> <span class='ocrx_word' id='word_1_80' title='bbox 858 1133 909 1202; x_wconf 84' lang='grc' dir='ltr'><strong><em>ὅτι</em></strong></span> <span class='ocrx_word' id='word_1_81' title='bbox 937 1132 1126 1221; x_wconf 81' lang='grc' dir='ltr'><strong><em>σύμμετρός</em></strong></span> 
     </span>
    </p>

    <p class='ocr_par' dir='ltr' id='par_1_5' title="bbox 57 1234 539 1325">
     <span class='ocr_line' id='line_1_11' title="bbox 57 1234 539 1325; baseline -0.006 -15"><span class='ocrx_word' id='word_1_82' title='bbox 57 1260 90 1311; x_wconf 87' lang='grc'><strong><em>10</em></strong></span> <span class='ocrx_word' id='word_1_83' title='bbox 109 1239 198 1305; x_wconf 80' lang='grc' dir='ltr'><strong><em>ἐστιν</em></strong></span> <span class='ocrx_word' id='word_1_84' title='bbox 221 1234 241 1323; x_wconf 94' lang='lat'><em>6</em></span> <span class='ocrx_word' id='word_1_85' title='bbox 266 1247 297 1305; x_wconf 91' lang='lat' dir='ltr'><em>A</em></span> <span class='ocrx_word' id='word_1_86' title='bbox 319 1242 359 1325; x_wconf 78' lang='grc' dir='ltr'><strong><em>τῇ</em></strong></span> <span class='ocrx_word' id='word_1_87' title='bbox 384 1245 411 1305; x_wconf 90' lang='grc' dir='ltr'><strong><em>Β</em></strong></span> <span class='ocrx_word' id='word_1_88' title='bbox 435 1238 539 1325; x_wconf 85' lang='grc' dir='ltr'><strong><em>μήκει.</em></strong></span> 
     </span>
    </p>

    <p class='ocr_par' dir='ltr' id='par_1_6' title="bbox 107 1342 1126 1752">
     <span class='ocr_line' id='line_1_12' title="bbox 172 1342 1126 1434; baseline 0.003 -24"><span class='ocrx_word' id='word_1_89' title='bbox 172 1343 260 1411; x_wconf 81' lang='grc' dir='ltr'><strong><em>Ἐπεὶ</em></strong></span> <span class='ocrx_word' id='word_1_90' title='bbox 284 1344 347 1433; x_wconf 81' lang='grc' dir='ltr'><strong><em>γάρ</em></strong></span> <span class='ocrx_word' id='word_1_91' title='bbox 370 1346 460 1411; x_wconf 76' lang='grc' dir='ltr'><strong><em>ἐστιν</em></strong></span> <span class='ocrx_word' id='word_1_92' title='bbox 480 1343 525 1424; x_wconf 77' lang='grc' dir='ltr'><strong><em>ὡς</em></strong></span> <span class='ocrx_word' id='word_1_93' title='bbox 542 1343 580 1413; x_wconf 83' lang='grc' dir='ltr'><strong><em>τὸ</em></strong></span> <span class='ocrx_word' id='word_1_94' title='bbox 600 1342 664 1413; x_wconf 85' lang='grc' dir='ltr'><strong><em>οάιὸ</em></strong></span> <span class='ocrx_word' id='word_1_95' title='bbox 685 1349 743 1431; x_wconf 79' lang='grc' dir='ltr'><strong><em>τῆς</em></strong></span> <span class='ocrx_word' id='word_1_96' title='bbox 761 1354 793 1412; x_wconf 91' lang='lat' dir='ltr'><em>A</em></span> <span class='ocrx_word' id='word_1_97' title='bbox 809 1345 1022 1434; x_wconf 80' lang='grc' dir='ltr'><strong><em>τετράγωνον</em></strong></span> <span class='ocrx_word' id='word_1_98' title='bbox 1040 1343 1126 1434; x_wconf 80' lang='grc' dir='ltr'><strong><em>πρὸς</em></strong></span> 
     </span>
     <span class='ocr_line' id='line_1_13' title="bbox 107 1446 1123 1538; baseline 0.004 -23"><span class='ocrx_word' id='word_1_99' title='bbox 107 1447 145 1516; x_wconf 82' lang='grc' dir='ltr'><strong><em>τὸ</em></strong></span> <span class='ocrx_word' id='word_1_100' title='bbox 169 1446 235 1516; x_wconf 79' lang='grc' dir='ltr'><strong><em>ἀπὸ</em></strong></span> <span class='ocrx_word' id='word_1_101' title='bbox 258 1453 316 1536; x_wconf 76' lang='grc' dir='ltr'><strong><em>τῆς</em></strong></span> <span class='ocrx_word' id='word_1_102' title='bbox 338 1458 366 1518; x_wconf 90' lang='grc' dir='ltr'><strong><em>Β</em></strong></span> <span class='ocrx_word' id='word_1_103' title='bbox 391 1451 646 1538; x_wconf 78' lang='grc' dir='ltr'><strong><em>[τετράγωνον],</em></strong></span> <span class='ocrx_word' id='word_1_104' title='bbox 675 1450 781 1533; x_wconf 80' lang='grc' dir='ltr'><strong><em>οὕτως</em></strong></span> <span class='ocrx_word' id='word_1_105' title='bbox 806 1450 823 1520; x_wconf 92' lang='lat'><em>6</em></span> <span class='ocrx_word' id='word_1_106' title='bbox 849 1451 913 1520; x_wconf 84' lang='grc' dir='ltr'><strong><em>ἀπὸ</em></strong></span> <span class='ocrx_word' id='word_1_107' title='bbox 938 1463 999 1520; x_wconf 83' lang='grc' dir='ltr'><strong><em>τοῦ</em></strong></span> <span class='ocrx_word' id='word_1_108' title='bbox 1023 1457 1055 1519; x_wconf 90' lang='grc' dir='ltr'>Γ</span> <span class='ocrx_word' id='word_1_109' title='bbox 1073 1477 1123 1519; x_wconf 84' lang='grc' dir='ltr'><strong><em>τε·</em></strong></span> 
     </span>
     <span class='ocr_line' id='line_1_14' title="bbox 107 1553 1120 1645; baseline 0.002 -23"><span class='ocrx_word' id='word_1_110' title='bbox 107 1554 278 1643; x_wconf 78' lang='grc' dir='ltr'><strong><em>τράγωνος</em></strong></span> <span class='ocrx_word' id='word_1_111' title='bbox 301 1556 384 1644; x_wconf 78' lang='grc' dir='ltr'><em>πρὸς</em></span> <span class='ocrx_word' id='word_1_112' title='bbox 406 1555 466 1624; x_wconf 82' lang='grc' dir='ltr'><strong><em>τὸν</em></strong></span> <span class='ocrx_word' id='word_1_113' title='bbox 490 1556 555 1626; x_wconf 76' lang='grc' dir='ltr'><strong><em>ἀπὸ</em></strong></span> <span class='ocrx_word' id='word_1_114' title='bbox 579 1568 640 1626; x_wconf 79' lang='grc' dir='ltr'><strong><em>τοῦ</em></strong></span> <span class='ocrx_word' id='word_1_115' title='bbox 664 1567 698 1625; x_wconf 96' lang='lat' dir='ltr'><em>A</em></span> <span class='ocrx_word' id='word_1_116' title='bbox 722 1557 977 1645; x_wconf 78' lang='grc' dir='ltr'><strong><em>[τετράγωνον],</em></strong></span> <span class='ocrx_word' id='word_1_117' title='bbox 1006 1554 1075 1623; x_wconf 79' lang='grc' dir='ltr'><strong><em>ἀλλ’</em></strong></span> <span class='ocrx_word' id='word_1_118' title='bbox 1102 1553 1120 1624; x_wconf 90' lang='lat'><em>6</em></span> 
     </span>
     <span class='ocr_line' id='line_1_15' title="bbox 108 1660 1124 1752; baseline 0 -23"><span class='ocrx_word' id='word_1_119' title='bbox 108 1660 170 1747; x_wconf 74' lang='grc' dir='ltr'><strong><em>μὲν</em></strong></span> <span class='ocrx_word' id='word_1_120' title='bbox 197 1666 257 1730; x_wconf 82' lang='grc' dir='ltr'><strong><em>τοῦ</em></strong></span> <span class='ocrx_word' id='word_1_121' title='bbox 286 1660 352 1731; x_wconf 78' lang='grc' dir='ltr'><strong><em>ἀπὸ</em></strong></span> <span class='ocrx_word' id='word_1_122' title='bbox 375 1667 434 1750; x_wconf 77' lang='grc' dir='ltr'><strong><em>τῆς</em></strong></span> <span class='ocrx_word' id='word_1_123' title='bbox 457 1674 488 1730; x_wconf 99' lang='lat' dir='ltr'><em>A</em></span> <span class='ocrx_word' id='word_1_124' title='bbox 510 1665 721 1752; x_wconf 77' lang='grc' dir='ltr'><strong><em>τετραγώνου</em></strong></span> <span class='ocrx_word' id='word_1_125' title='bbox 747 1663 832 1751; x_wconf 78' lang='grc' dir='ltr'><strong><em>πρὸς</em></strong></span> <span class='ocrx_word' id='word_1_126' title='bbox 858 1667 896 1734; x_wconf 82' lang='grc' dir='ltr'><strong><em>τὸ</em></strong></span> <span class='ocrx_word' id='word_1_127' title='bbox 924 1663 987 1733; x_wconf 83' lang='grc' dir='ltr'><strong><em>ἀπὸ</em></strong></span> <span class='ocrx_word' id='word_1_128' title='bbox 1011 1667 1071 1748; x_wconf 77' lang='grc' dir='ltr'><strong><em>τῆς</em></strong></span> <span class='ocrx_word' id='word_1_129' title='bbox 1094 1669 1124 1729; x_wconf 91' lang='grc' dir='ltr'><strong><em>Β</em></strong></span> 
     </span>
    </p>

    <p class='ocr_par' dir='ltr' id='par_1_7' title="bbox 57 1766 1126 1961">
     <span class='ocr_line' id='line_1_16' title="bbox 57 1766 1126 1857; baseline -0.005 -17"><span class='ocrx_word' id='word_1_130' title='bbox 57 1792 91 1841; x_wconf 83' lang='lat'><strong><em>15</em></strong></span> <span class='ocrx_word' id='word_1_131' title='bbox 110 1768 347 1855; x_wconf 80' lang='grc' dir='ltr'><strong><em>[τετράγωνον]</em></strong></span> <span class='ocrx_word' id='word_1_132' title='bbox 375 1769 476 1855; x_wconf 85' lang='grc' dir='ltr'><strong><em>λόγος</em></strong></span> <span class='ocrx_word' id='word_1_133' title='bbox 504 1775 688 1839; x_wconf 79' lang='grc' dir='ltr'><strong><em>διπλασίων</em></strong></span> <span class='ocrx_word' id='word_1_134' title='bbox 716 1771 785 1839; x_wconf 80' lang='grc' dir='ltr'><strong><em>ἐστὶ</em></strong></span> <span class='ocrx_word' id='word_1_135' title='bbox 812 1780 874 1839; x_wconf 81' lang='grc' dir='ltr'><strong><em>τοῦ</em></strong></span> <span class='ocrx_word' id='word_1_136' title='bbox 900 1775 959 1857; x_wconf 77' lang='grc' dir='ltr'><strong><em>τῆς</em></strong></span> <span class='ocrx_word' id='word_1_137' title='bbox 982 1778 1014 1836; x_wconf 92' lang='lat' dir='ltr'><em>A</em></span> <span class='ocrx_word' id='word_1_138' title='bbox 1040 1766 1126 1853; x_wconf 77' lang='grc' dir='ltr'><em>πρὸς</em></span> 
     </span>
     <span class='ocr_line' id='line_1_17' title="bbox 108 1871 1125 1961; baseline -0.005 -21"><span class='ocrx_word' id='word_1_139' title='bbox 108 1871 169 1960; x_wconf 78' lang='grc' dir='ltr'><strong><em>τὴν</em></strong></span> <span class='ocrx_word' id='word_1_140' title='bbox 196 1881 223 1941; x_wconf 93' lang='grc' dir='ltr'><strong><em>Β</em></strong></span> <span class='ocrx_word' id='word_1_141' title='bbox 247 1874 366 1961; x_wconf 86' lang='grc' dir='ltr'><strong><em>λόγον,</em></strong></span> <span class='ocrx_word' id='word_1_142' title='bbox 396 1872 414 1943; x_wconf 94' lang='lat'><em>6</em></span> <span class='ocrx_word' id='word_1_143' title='bbox 439 1874 477 1943; x_wconf 67' lang='grc' dir='ltr'><strong><em>δὲ</em></strong></span> <span class='ocrx_word' id='word_1_144' title='bbox 499 1881 560 1944; x_wconf 81' lang='grc' dir='ltr'><strong><em>τοῦ</em></strong></span> <span class='ocrx_word' id='word_1_145' title='bbox 583 1874 649 1944; x_wconf 75' lang='grc' dir='ltr'><strong><em>ἀπὸ</em></strong></span> <span class='ocrx_word' id='word_1_146' title='bbox 672 1880 733 1944; x_wconf 83' lang='grc' dir='ltr'><strong><em>τοῦ</em></strong></span> <span class='ocrx_word' id='word_1_147' title='bbox 757 1883 790 1943; x_wconf 92' lang='grc' dir='ltr'>Γ</span> <span class='ocrx_word' id='word_1_148' title='bbox 809 1874 985 1961; x_wconf 74' lang='grc' dir='ltr'><strong><em>[ἀριθμοῦ]</em></strong></span> <span class='ocrx_word' id='word_1_149' title='bbox 1010 1895 1125 1956; x_wconf 80' lang='grc' dir='ltr'><strong><em>τετρα-</em></strong></span> 
     </span>
    </p>
   </div>
   <div class='ocr_carea' id='block_1_3' title="bbox 57 1975 1129 2491">
    <p class='ocr_par' dir='ltr' id='par_1_8' title="bbox 57 1975 1129 2491">
     <span class='ocr_line' id='line_1_18' title="bbox 108 1975 1124 2068; baseline -0.001 -23"><span class='ocrx_word' id='word_1_150' title='bbox 108 1977 222 2064; x_wconf 77' lang='grc' dir='ltr'><strong><em>γώνου</em></strong></span> <span class='ocrx_word' id='word_1_151' title='bbox 247 1978 423 2067; x_wconf 74' lang='grc' dir='ltr'><strong><em>[ἀριθμοῦ]</em></strong></span> <span class='ocrx_word' id='word_1_152' title='bbox 448 1979 532 2068; x_wconf 80' lang='grc' dir='ltr'><strong><em>πρὸς</em></strong></span> <span class='ocrx_word' id='word_1_153' title='bbox 557 1979 619 2049; x_wconf 84' lang='grc' dir='ltr'><strong><em>τὸν</em></strong></span> <span class='ocrx_word' id='word_1_154' title='bbox 642 1979 708 2048; x_wconf 78' lang='grc' dir='ltr'><strong><em>ἀπὸ</em></strong></span> <span class='ocrx_word' id='word_1_155' title='bbox 732 1983 793 2047; x_wconf 82' lang='grc' dir='ltr'><strong><em>τοῦ</em></strong></span> <span class='ocrx_word' id='word_1_156' title='bbox 818 1986 851 2045; x_wconf 95' lang='lat' dir='ltr'><em>A</em></span> <span class='ocrx_word' id='word_1_157' title='bbox 871 1975 1048 2062; x_wconf 79' lang='grc' dir='ltr'><strong><em>[ἀριθμοῦ]</em></strong></span> <span class='ocrx_word' id='word_1_158' title='bbox 1072 2003 1124 2044; x_wconf 84' lang='grc' dir='ltr'><strong><em>τε·</em></strong></span> 
     </span>
     <span class='ocr_line' id='line_1_19' title="bbox 108 2081 1129 2174; baseline 0.001 -25"><span class='ocrx_word' id='word_1_159' title='bbox 108 2084 282 2169; x_wconf 81' lang='grc' dir='ltr'><strong><em>τράγωνον</em></strong></span> <span class='ocrx_word' id='word_1_160' title='bbox 307 2085 483 2174; x_wconf 72' lang='grc' dir='ltr'><strong><em>[ἀριθμὸν]</em></strong></span> <span class='ocrx_word' id='word_1_161' title='bbox 507 2089 606 2171; x_wconf 82' lang='grc' dir='ltr'><strong><em>λόγος</em></strong></span> <span class='ocrx_word' id='word_1_162' title='bbox 625 2089 809 2152; x_wconf 76' lang='grc' dir='ltr'><strong><em>διπλασίων</em></strong></span> <span class='ocrx_word' id='word_1_163' title='bbox 833 2081 902 2148; x_wconf 78' lang='grc' dir='ltr'><strong><em>ἐστὶ</em></strong></span> <span class='ocrx_word' id='word_1_164' title='bbox 925 2083 985 2149; x_wconf 82' lang='grc' dir='ltr'><strong><em>τοῦ</em></strong></span> <span class='ocrx_word' id='word_1_165' title='bbox 1008 2085 1070 2148; x_wconf 80' lang='grc' dir='ltr'><strong><em>τοῦ</em></strong></span> <span class='ocrx_word' id='word_1_166' title='bbox 1095 2089 1129 2150; x_wconf 89' lang='grc' dir='ltr'><strong><em>Γ</em></strong></span> 
     </span>
     <span class='ocr_line' id='line_1_20' title="bbox 111 2186 1123 2279; baseline 0 -23"><span class='ocrx_word' id='word_1_167' title='bbox 111 2187 289 2278; x_wconf 78' lang='grc' dir='ltr'><strong><em>[ἀριθμοῦ]</em></strong></span> <span class='ocrx_word' id='word_1_168' title='bbox 317 2192 400 2279; x_wconf 78' lang='grc' dir='ltr'><strong><em>πρὸς</em></strong></span> <span class='ocrx_word' id='word_1_169' title='bbox 427 2191 488 2261; x_wconf 82' lang='grc' dir='ltr'><strong><em>τὸν</em></strong></span> <span class='ocrx_word' id='word_1_170' title='bbox 517 2200 550 2259; x_wconf 95' lang='lat' dir='ltr'><em>A</em></span> <span class='ocrx_word' id='word_1_171' title='bbox 580 2187 756 2279; x_wconf 76' lang='grc' dir='ltr'><strong><em>[ἀριθμὸν]</em></strong></span> <span class='ocrx_word' id='word_1_172' title='bbox 786 2189 905 2272; x_wconf 84' lang='grc' dir='ltr'><strong><em>λόγον,</em></strong></span> <span class='ocrx_word' id='word_1_173' title='bbox 937 2192 1027 2256; x_wconf 81' lang='grc' dir='ltr'><strong><em>ἔστιν</em></strong></span> <span class='ocrx_word' id='word_1_174' title='bbox 1056 2186 1123 2275; x_wconf 74' lang='grc' dir='ltr'><strong><em>ἄρα</em></strong></span> 
     </span>
     <span class='ocr_line' id='line_1_21' title="bbox 57 2289 1124 2386; baseline -0.005 -19"><span class='ocrx_word' id='word_1_175' title='bbox 57 2319 91 2367; x_wconf 80' lang='lat'><strong><em>20</em></strong></span> <span class='ocrx_word' id='word_1_176' title='bbox 110 2295 165 2362; x_wconf 83' lang='grc' dir='ltr'><strong><em>καὶ</em></strong></span> <span class='ocrx_word' id='word_1_177' title='bbox 189 2293 233 2375; x_wconf 79' lang='grc' dir='ltr'><strong><em>ὡς</em></strong></span> <span class='ocrx_word' id='word_1_178' title='bbox 256 2295 276 2382; x_wconf 97' lang='lat'><em>6</em></span> <span class='ocrx_word' id='word_1_179' title='bbox 301 2307 333 2365; x_wconf 90' lang='lat' dir='ltr'><em>A</em></span> <span class='ocrx_word' id='word_1_180' title='bbox 354 2298 437 2386; x_wconf 79' lang='grc' dir='ltr'><em>πρὸς</em></span> <span class='ocrx_word' id='word_1_181' title='bbox 459 2295 520 2383; x_wconf 76' lang='grc' dir='ltr'><strong><em>τὴν</em></strong></span> <span class='ocrx_word' id='word_1_182' title='bbox 545 2304 588 2381; x_wconf 86' lang='grc' dir='ltr'><strong><em>Β,</em></strong></span> <span class='ocrx_word' id='word_1_183' title='bbox 619 2292 725 2373; x_wconf 78' lang='grc' dir='ltr'><strong><em>οὕτως</em></strong></span> <span class='ocrx_word' id='word_1_184' title='bbox 748 2292 766 2361; x_wconf 93' lang='lat'><em>6</em></span> <span class='ocrx_word' id='word_1_185' title='bbox 791 2299 823 2361; x_wconf 89' lang='grc' dir='ltr'>Γ</span> <span class='ocrx_word' id='word_1_186' title='bbox 842 2289 1015 2379; x_wconf 78' lang='grc' dir='ltr'><strong><em>[ἀριθμὸς]</em></strong></span> <span class='ocrx_word' id='word_1_187' title='bbox 1039 2292 1124 2379; x_wconf 79' lang='grc' dir='ltr'><strong><em>πρὸς</em></strong></span> 
     </span>
     <span class='ocr_line' id='line_1_22' title="bbox 109 2397 1123 2491; baseline 0.001 -24"><span class='ocrx_word' id='word_1_188' title='bbox 109 2399 169 2468; x_wconf 82' lang='grc' dir='ltr'><strong><em>τὸν</em></strong></span> <span class='ocrx_word' id='word_1_189' title='bbox 193 2409 227 2468; x_wconf 94' lang='lat' dir='ltr'><em>A</em></span> <span class='ocrx_word' id='word_1_190' title='bbox 252 2403 440 2491; x_wconf 63' lang='lat' dir='ltr'><em>[69thde</em></span> <span class='ocrx_word' id='word_1_191' title='bbox 479 2400 500 2487; x_wconf 90' lang='lat'><em>6</em></span> <span class='ocrx_word' id='word_1_192' title='bbox 524 2411 556 2468; x_wconf 87' lang='lat' dir='ltr'><em>A</em></span> <span class='ocrx_word' id='word_1_193' title='bbox 578 2399 645 2485; x_wconf 72' lang='grc' dir='ltr'><strong><em>ἄρα</em></strong></span> <span class='ocrx_word' id='word_1_194' title='bbox 672 2397 756 2486; x_wconf 79' lang='grc' dir='ltr'><strong><em>πρὸς</em></strong></span> <span class='ocrx_word' id='word_1_195' title='bbox 780 2400 844 2486; x_wconf 82' lang='grc' dir='ltr'><strong><em>τὴν</em></strong></span> <span class='ocrx_word' id='word_1_196' title='bbox 867 2408 895 2466; x_wconf 94' lang='grc' dir='ltr'><strong><em>Β</em></strong></span> <span class='ocrx_word' id='word_1_197' title='bbox 918 2399 1021 2485; x_wconf 89' lang='grc' dir='ltr'><strong><em>λόγον</em></strong></span> <span class='ocrx_word' id='word_1_198' title='bbox 1046 2405 1123 2487; x_wconf 82' lang='grc' dir='ltr'><strong><em>ἔχει,</em></strong></span> 
     </span>
    </p>
   </div>
   <div class='ocr_carea' id='block_1_4' title="bbox 56 2503 1122 3333">
    <p class='ocr_par' dir='ltr' id='par_1_9' title="bbox 56 2503 1122 3333">
     <span class='ocr_line' id='line_1_23' title="bbox 110 2503 1122 2596; baseline -0.001 -22"><span class='ocrx_word' id='word_1_199' title='bbox 110 2504 151 2574; x_wconf 81' lang='grc' dir='ltr'><strong><em>ὃν</em></strong></span> <span class='ocrx_word' id='word_1_200' title='bbox 174 2508 319 2596; x_wconf 73' lang='grc' dir='ltr'><strong><em>ἀριθμός</em></strong></span> <span class='ocrx_word' id='word_1_201' title='bbox 343 2506 360 2577; x_wconf 94' lang='lat'><em>6</em></span> <span class='ocrx_word' id='word_1_202' title='bbox 380 2515 413 2575; x_wconf 92' lang='grc' dir='ltr'>Γ</span> <span class='ocrx_word' id='word_1_203' title='bbox 426 2505 509 2594; x_wconf 80' lang='grc' dir='ltr'><strong><em>πρὸς</em></strong></span> <span class='ocrx_word' id='word_1_204' title='bbox 526 2503 676 2592; x_wconf 76' lang='grc' dir='ltr'><strong><em>ἀριθμὸν</em></strong></span> <span class='ocrx_word' id='word_1_205' title='bbox 694 2504 754 2574; x_wconf 84' lang='grc' dir='ltr'><strong><em>τὸν</em></strong></span> <span class='ocrx_word' id='word_1_206' title='bbox 773 2515 806 2573; x_wconf 95' lang='lat' dir='ltr'><em>A</em></span> <span class='ocrx_word' id='word_1_207' title='bbox 813 2527 820 2543; x_wconf 90' lang='lat'><strong>·</strong></span> <span class='ocrx_word' id='word_1_208' title='bbox 853 2505 1038 2593; x_wconf 80' lang='grc' dir='ltr'><strong><em>σύμμετρος</em></strong></span> <span class='ocrx_word' id='word_1_209' title='bbox 1057 2504 1122 2591; x_wconf 75' lang='grc' dir='ltr'><strong><em>ἄρα</em></strong></span> 
     </span>
     <span class='ocr_line' id='line_1_24' title="bbox 109 2611 541 2702; baseline -0.007 -22"><span class='ocrx_word' id='word_1_210' title='bbox 109 2614 199 2682; x_wconf 79' lang='grc' dir='ltr'><strong><em>ἐστὶν</em></strong></span> <span class='ocrx_word' id='word_1_211' title='bbox 223 2612 243 2701; x_wconf 83' lang='grc' dir='ltr'><em>ἡ</em></span> <span class='ocrx_word' id='word_1_212' title='bbox 267 2623 300 2681; x_wconf 89' lang='lat' dir='ltr'><em>A</em></span> <span class='ocrx_word' id='word_1_213' title='bbox 321 2618 361 2702; x_wconf 76' lang='grc' dir='ltr'><strong><em>τῇ</em></strong></span> <span class='ocrx_word' id='word_1_214' title='bbox 385 2622 414 2680; x_wconf 94' lang='grc' dir='ltr'><strong><em>Β</em></strong></span> <span class='ocrx_word' id='word_1_215' title='bbox 436 2611 541 2699; x_wconf 79' lang='grc' dir='ltr'><strong><em>μήκει.</em></strong></span> 
     </span>
     <span class='ocr_line' id='line_1_25' title="bbox 173 2715 1121 2805; baseline -0.005 -18"><span class='ocrx_word' id='word_1_216' title='bbox 173 2719 270 2788; x_wconf 81' lang='grc' dir='ltr'><strong><em>Ἀλλα</em></strong></span> <span class='ocrx_word' id='word_1_217' title='bbox 294 2717 336 2805; x_wconf 82' lang='lat'><strong><em>66</em></strong></span> <span class='ocrx_word' id='word_1_218' title='bbox 359 2717 568 2804; x_wconf 79' lang='grc' dir='ltr'><strong><em>ἀσύμμετρος</em></strong></span> <span class='ocrx_word' id='word_1_219' title='bbox 592 2722 674 2785; x_wconf 82' lang='grc' dir='ltr'><strong><em>ἔστω</em></strong></span> <span class='ocrx_word' id='word_1_220' title='bbox 698 2715 718 2802; x_wconf 92' lang='lat'><em>6</em></span> <span class='ocrx_word' id='word_1_221' title='bbox 738 2726 770 2785; x_wconf 88' lang='lat' dir='ltr'><em>A</em></span> <span class='ocrx_word' id='word_1_222' title='bbox 786 2727 827 2805; x_wconf 80' lang='grc' dir='ltr'><strong><em>τῇ</em></strong></span> <span class='ocrx_word' id='word_1_223' title='bbox 846 2725 875 2783; x_wconf 94' lang='grc' dir='ltr'><strong><em>Β</em></strong></span> <span class='ocrx_word' id='word_1_224' title='bbox 894 2719 1000 2803; x_wconf 82' lang='grc' dir='ltr'><strong><em>μήκει·</em></strong></span> <span class='ocrx_word' id='word_1_225' title='bbox 1024 2717 1121 2801; x_wconf 85' lang='grc' dir='ltr'><strong><em>λέγω,</em></strong></span> 
     </span>
     <span class='ocr_line' id='line_1_26' title="bbox 56 2819 1122 2912; baseline -0.008 -17"><span class='ocrx_word' id='word_1_226' title='bbox 56 2848 90 2896; x_wconf 78' lang='lat'><strong><em>25</em></strong></span> <span class='ocrx_word' id='word_1_227' title='bbox 110 2826 161 2893; x_wconf 82' lang='grc' dir='ltr'><strong><em>ὅτι</em></strong></span> <span class='ocrx_word' id='word_1_228' title='bbox 184 2825 221 2893; x_wconf 83' lang='grc' dir='ltr'><strong><em>τὸ</em></strong></span> <span class='ocrx_word' id='word_1_229' title='bbox 246 2823 311 2892; x_wconf 80' lang='grc' dir='ltr'><strong><em>ἀπὸ</em></strong></span> <span class='ocrx_word' id='word_1_230' title='bbox 334 2827 392 2909; x_wconf 76' lang='grc' dir='ltr'><strong><em>τῆς</em></strong></span> <span class='ocrx_word' id='word_1_231' title='bbox 410 2830 442 2889; x_wconf 89' lang='lat' dir='ltr'><em>A</em></span> <span class='ocrx_word' id='word_1_232' title='bbox 464 2823 675 2911; x_wconf 81' lang='grc' dir='ltr'><strong><em>τετράγωνον</em></strong></span> <span class='ocrx_word' id='word_1_233' title='bbox 695 2823 778 2912; x_wconf 77' lang='grc' dir='ltr'><strong><em>πρὸς</em></strong></span> <span class='ocrx_word' id='word_1_234' title='bbox 795 2822 833 2890; x_wconf 81' lang='grc' dir='ltr'><strong><em>τὸ</em></strong></span> <span class='ocrx_word' id='word_1_235' title='bbox 853 2819 916 2889; x_wconf 78' lang='grc' dir='ltr'><strong><em>ἀπὸ</em></strong></span> <span class='ocrx_word' id='word_1_236' title='bbox 936 2825 994 2907; x_wconf 78' lang='grc' dir='ltr'><strong><em>τῆς</em></strong></span> <span class='ocrx_word' id='word_1_237' title='bbox 1011 2828 1040 2886; x_wconf 94' lang='grc' dir='ltr'><strong><em>Β</em></strong></span> <span class='ocrx_word' id='word_1_238' title='bbox 1062 2826 1122 2904; x_wconf 67' lang='grc' dir='ltr'><strong><em>[το</em></strong></span> 
     </span>
     <span class='ocr_line' id='line_1_27' title="bbox 109 2925 1122 3017; baseline -0.004 -20"><span class='ocrx_word' id='word_1_239' title='bbox 109 2930 299 3017; x_wconf 78' lang='grc' dir='ltr'><strong><em>τράγωνον]</em></strong></span> <span class='ocrx_word' id='word_1_240' title='bbox 333 2927 438 3012; x_wconf 90' lang='grc' dir='ltr'><strong><em>λόγον</em></strong></span> <span class='ocrx_word' id='word_1_241' title='bbox 471 2926 532 2996; x_wconf 81' lang='grc' dir='ltr'><strong><em>οὐκ</em></strong></span> <span class='ocrx_word' id='word_1_242' title='bbox 560 2935 641 3017; x_wconf 81' lang='grc' dir='ltr'><strong><em>ἔχει,</em></strong></span> <span class='ocrx_word' id='word_1_243' title='bbox 675 2926 716 2998; x_wconf 82' lang='grc' dir='ltr'><strong><em>ὃν</em></strong></span> <span class='ocrx_word' id='word_1_244' title='bbox 742 2927 948 3016; x_wconf 80' lang='grc' dir='ltr'><strong><em>τετράγωνος</em></strong></span> <span class='ocrx_word' id='word_1_245' title='bbox 976 2925 1122 3013; x_wconf 82' lang='grc' dir='ltr'><strong><em>ἀριθμὸς</em></strong></span> 
     </span>
     <span class='ocr_line' id='line_1_28' title="bbox 108 3032 629 3123; baseline 0.002 -21"><span class='ocrx_word' id='word_1_246' title='bbox 108 3034 192 3123; x_wconf 79' lang='grc' dir='ltr'><em>πρὸς</em></span> <span class='ocrx_word' id='word_1_247' title='bbox 212 3033 424 3122; x_wconf 77' lang='grc' dir='ltr'><strong><em>τετράγωνον</em></strong></span> <span class='ocrx_word' id='word_1_248' title='bbox 447 3032 629 3121; x_wconf 79' lang='grc' dir='ltr'><strong><em>ἆριθμόν.’</em></strong></span> 
     </span>
     <span class='ocr_line' id='line_1_29' title="bbox 177 3136 1121 3227; baseline -0.001 -21"><span class='ocrx_word' id='word_1_249' title='bbox 177 3145 221 3206; x_wconf 71' lang='lat' dir='ltr'><strong><em>Ee</em></strong></span> <span class='ocrx_word' id='word_1_250' title='bbox 247 3140 311 3227; x_wconf 81' lang='grc' dir='ltr'><strong><em>γὰρ</em></strong></span> <span class='ocrx_word' id='word_1_251' title='bbox 340 3143 405 3225; x_wconf 78' lang='grc' dir='ltr'><strong><em>ἔχει</em></strong></span> <span class='ocrx_word' id='word_1_252' title='bbox 432 3137 469 3207; x_wconf 81' lang='grc' dir='ltr'><strong><em>τὸ</em></strong></span> <span class='ocrx_word' id='word_1_253' title='bbox 498 3138 563 3208; x_wconf 83' lang='grc' dir='ltr'><strong><em>ἀπὸ</em></strong></span> <span class='ocrx_word' id='word_1_254' title='bbox 591 3144 650 3227; x_wconf 78' lang='grc' dir='ltr'><strong><em>τῆς</em></strong></span> <span class='ocrx_word' id='word_1_255' title='bbox 677 3150 708 3208; x_wconf 89' lang='grc' dir='ltr'><em>Α</em></span> <span class='ocrx_word' id='word_1_256' title='bbox 735 3141 945 3226; x_wconf 79' lang='grc' dir='ltr'><strong><em>τετράγωνον</em></strong></span> <span class='ocrx_word' id='word_1_257' title='bbox 972 3136 1056 3225; x_wconf 79' lang='grc' dir='ltr'><em>πρὸς</em></span> <span class='ocrx_word' id='word_1_258' title='bbox 1083 3137 1121 3205; x_wconf 83' lang='grc' dir='ltr'><strong><em>τὸ</em></strong></span> 
     </span>
     <span class='ocr_line' id='line_1_30' title="bbox 110 3241 1121 3333; baseline -0.001 -22"><span class='ocrx_word' id='word_1_259' title='bbox 110 3241 173 3312; x_wconf 85' lang='grc' dir='ltr'><strong><em>οάιὸ</em></strong></span> <span class='ocrx_word' id='word_1_260' title='bbox 198 3248 255 3331; x_wconf 73' lang='grc' dir='ltr'><strong><em>τῆς</em></strong></span> <span class='ocrx_word' id='word_1_261' title='bbox 278 3248 305 3312; x_wconf 87' lang='grc' dir='ltr'><strong><em>Β</em></strong></span> <span class='ocrx_word' id='word_1_262' title='bbox 331 3245 567 3333; x_wconf 77' lang='grc' dir='ltr'><strong><em>[τετράγωνον]</em></strong></span> <span class='ocrx_word' id='word_1_263' title='bbox 593 3248 708 3332; x_wconf 88' lang='grc' dir='ltr'><strong><em>λόγον,</em></strong></span> <span class='ocrx_word' id='word_1_264' title='bbox 732 3242 772 3312; x_wconf 79' lang='grc' dir='ltr'><strong><em>ὃν</em></strong></span> <span class='ocrx_word' id='word_1_265' title='bbox 794 3244 1001 3331; x_wconf 78' lang='grc' dir='ltr'><strong><em>τετράγωνος</em></strong></span> <span class='ocrx_word' id='word_1_266' title='bbox 1024 3245 1121 3332; x_wconf 71' lang='grc' dir='ltr'><strong><em>ἀριθ-</em></strong></span> 
     </span>
    </p>
   </div>
   <div class='ocr_carea' id='block_1_5' title="bbox 102 3396 1122 3549">
    <p class='ocr_par' dir='ltr' id='par_1_10' title="bbox 102 3396 1122 3549">
     <span class='ocr_line' id='line_1_31' title="bbox 181 3396 1121 3478; baseline -0.001 -20"><span class='ocrx_word' id='word_1_267' title='bbox 181 3410 205 3458; x_wconf 93' lang='grc'><strong><em>1.</em></strong></span> <span class='ocrx_word' id='word_1_268' title='bbox 230 3399 369 3478; x_wconf 74' lang='grc' dir='ltr'><strong><em>οἷονθμόν]</em></strong></span> <span class='ocrx_word' id='word_1_269' title='bbox 394 3422 447 3461; x_wconf 89' lang='lat' dir='ltr'><strong><em>om.</em></strong></span> <span class='ocrx_word' id='word_1_270' title='bbox 472 3404 583 3462; x_wconf 81' lang='lat' dir='ltr'>BFVb.</span> <span class='ocrx_word' id='word_1_271' title='bbox 657 3410 681 3459; x_wconf 82' lang='grc' dir='ltr'><strong><em>ὅ.</em></strong></span> <span class='ocrx_word' id='word_1_272' title='bbox 708 3404 746 3474; x_wconf 91' lang='grc' dir='ltr'><strong><em>Γ]</em></strong></span> <span class='ocrx_word' id='word_1_273' title='bbox 770 3403 800 3458; x_wconf 89' lang='lat' dir='ltr'><strong><em>in</em></strong></span> <span class='ocrx_word' id='word_1_274' title='bbox 819 3420 873 3458; x_wconf 77' lang='lat' dir='ltr'>rae.</span> <span class='ocrx_word' id='word_1_275' title='bbox 892 3401 927 3470; x_wconf 75' lang='lat' dir='ltr'><strong><em>F,</em></strong></span> <span class='ocrx_word' id='word_1_276' title='bbox 952 3406 978 3456; x_wconf 91' lang='grc' dir='ltr'>Γ</span> <span class='ocrx_word' id='word_1_277' title='bbox 994 3396 1121 3473; x_wconf 55' lang='lat' dir='ltr'><strong><em>domo&amp;</em></strong></span> 
     </span>
     <span class='ocr_line' id='line_1_32' title="bbox 102 3468 1122 3549; baseline 0.001 -23"><span class='ocrx_word' id='word_1_278' title='bbox 102 3474 189 3527; x_wconf 69' lang='lat' dir='ltr'><strong><em>NJ,</em></strong></span> <span class='ocrx_word' id='word_1_279' title='bbox 263 3471 401 3549; x_wconf 55' lang='lat' dir='ltr'><em>Ambe]</em></span> <span class='ocrx_word' id='word_1_280' title='bbox 422 3494 475 3532; x_wconf 83' lang='lat' dir='ltr'><strong><em>om.</em></strong></span> <span class='ocrx_word' id='word_1_281' title='bbox 494 3476 524 3530; x_wconf 92' lang='lat' dir='ltr'><strong><em>P.</em></strong></span> <span class='ocrx_word' id='word_1_282' title='bbox 598 3482 622 3530; x_wconf 89' lang='lat'><em>6.</em></span> <span class='ocrx_word' id='word_1_283' title='bbox 647 3471 786 3546; x_wconf 72' lang='grc' dir='ltr'><strong><em>ἀριθμοῦ]</em></strong></span> <span class='ocrx_word' id='word_1_284' title='bbox 806 3490 860 3530; x_wconf 89' lang='lat' dir='ltr'><strong><em>om.</em></strong></span> <span class='ocrx_word' id='word_1_285' title='bbox 879 3472 911 3530; x_wconf 86' lang='lat' dir='ltr'><strong><em>P.</em></strong></span> <span class='ocrx_word' id='word_1_286' title='bbox 982 3468 1122 3544; x_wconf 74' lang='grc' dir='ltr'><strong><em>ἀριθμόν]</em></strong></span> 
     </span>
    </p>
   </div>
   <div class='ocr_carea' id='block_1_6' title="bbox 0 0 1194 3832">
    <p class='ocr_par' dir='ltr' id='par_1_11' title="bbox 0 0 1194 3832">
     <span class='ocr_line' id='line_1_33' title="bbox 0 0 1194 3832; baseline 0 0"><span class='ocrx_word' id='word_1_287' title='bbox 0 0 1194 3832; x_wconf 95' lang='lat' dir='ltr'><strong><em> </em></strong></span> 
     </span>
    </p>
   </div>
  </div>
 </body>
</html>
