2378 3832
92 176 155 241 198
477 174 678 230 ΣΤΟΙΧΕΙΩΝ
696 170 723 229 ί.

90 316 157 386 άπὸ
193 329 252 406 τῆς
288 326 353 385 ΑΒ
386 326 462 387 ίσον
497 315 764 403 παραβεβλήσθω
801 312 839 383 τὸ
875 319 941 382 ΔΖ
977 311 1108 392 πλάτος

89 427 213 491 ποιοῦν
237 422 298 510 τήν
322 429 409 490 AH·
442 423 542 509 λέγω,
566 421 617 491 ὅτι
640 420 661 508 ή
685 428 764 489 ΔΗ
782 423 817 490 έκ
839 418 902 489 δύο
922 416 1105 506 ὀνομάτων

91 530 182 598 ἐστὶν
205 532 290 618 ἕκτη.

156 638 426 707 Κατεσκευάσθω
453 664 517 723 γαρ
544 636 585 704 τὰ
613 634 697 704 αὐτὰ
730 647 799 714 τοῖς
829 631 1002 723 πρότερον.
1048 633 1107 699 καὶ

56 767 71 816 5
92 744 162 812 ἐπεὶ
184 742 204 831 ή
229 752 294 814 ΑΒ
318 744 381 813 δύο
411 744 495 830 με’σα
523 743 693 828 δυναμένη
722 741 789 809 ἐστὶ
816 739 997 829 διῃρημένη
1020 736 1107 807 κατὰ

39 868 68 909 0
91 847 129 917 τὸ
160 855 204 937 Γ,
237 853 275 917 αί
301 856 381 936 ΑΓ,
415 854 475 917 ΓΒ
508 847 573 936 άρα
606 846 748 934 δυνάμει
780 845 866 914 είσὶν
897 841 1105 932 ἀσύμμετροι

90 966 249 1025 ποιοῦσαι
272 955 310 1024 τό
332 982 367 1023 τε
391 962 609 1042 συγκείμενον
631 955 756 1022 ἐκτῶν
779 948 831 1020 ἀπ’
856 948 970 1019 αὐτῶν
991 976 1103 1037 τετρα-

92 1059 213 1146 γώνων
236 1061 339 1145 μέσον
361 1061 417 1128 καὶ
444 1063 482 1128 τδ
509 1057 562 1128 ὑπ’
583 1057 697 1130 αὐτῶν
724 1061 827 1146 μέσον
853 1058 908 1125 καί
931 1062 980 1126 ἔτι
1003 1056 1107 1145 ἀσάμ-

92 1164 269 1253 μετροντὸ
288 1163 411 1235 ἐκτῶν
431 1165 483 1235 ἀπ’
510 1165 622 1235 αὐτῶν
644 1165 862 1256 τετραγώνων
885 1168 1109 1251 συγκείμενον

39 1297 72 1346 10
91 1277 136 1363 τῷ
163 1269 216 1340 ὑπ’
248 1269 372 1341 αὐτῶν·
410 1272 494 1343 ὥστε
524 1276 607 1342 κατὰ
634 1276 675 1340 τὰ
707 1272 969 1360 προδεδειγμένα
1000 1269 1108 1356 μέσον

91 1375 184 1447 ἐστὶν
211 1377 368 1465 ἑκάτερον
395 1386 464 1450 τῶν
487 1388 572 1466 ΔΛ,
596 1387 675 1449 MZ.
712 1380 768 1448 καὶ
795 1376 884 1466 παρὰ
912 1376 1022 1465 ῥητήν
1046 1374 1108 1462 τήν

92 1493 164 1553 ΔΕ
187 1484 394 1573 παράκειται·
432 1489 514 1575 ῥητή
541 1485 608 1573 άρα
635 1483 726 1555 ἐστὶν
754 1485 891 1572 ἑκατέρα
916 1486 987 1551 τάν
1017 1488 1100 1568 ΔΜ,

93 1596 176 1659 ΜΗ
187 1592 244 1660 καὶ
267 1590 475 1680 ἀσύμμετρος
492 1597 532 1682 τή
553 1600 622 1660 ΛΕ
641 1594 744 1679 μήκει.
788 1591 844 1658 καὶ
866 1586 937 1658 ἐπεὶ
960 1587 1105 1677 άσάμμε·

91 1697 173 1784 τρόν
201 1695 270 1765 ἐστι
297 1696 334 1766 τὸ
363 1704 582 1785 συγκείμενον
605 1696 732 1767 ἐκτῶν
759 1695 824 1765 άπὸ
847 1707 915 1765 τῶν
939 1702 1022 1782 ΑΓ,
1046 1701 1108 1763 ΓΒ

40 1825 73 1874 15
92 1807 137 1895 τῷ
165 1804 217 1884 δὶς
243 1801 310 1872 ὑπὸ
336 1809 405 1874 τῶν
433 1812 513 1890 ΑΓ,
542 1811 618 1891 ΓΒ,
647 1805 856 1891 ἀσύμμετρον
884 1801 950 1890 ἄρα
974 1799 1048 1871 ε’στὶ
1070 1799 1110 1868 τὸ

93 1917 163 1976 ΔΛ
189 1920 235 2001 τῷ
262 1916 344 1979 ΜΖ.
390 1908 598 1998 ἀσύμμετρος
625 1909 692 1998 άρα
718 1910 774 1978 καὶ
804 1906 824 1996 ή
849 1915 931 1977 ΔΜ
948 1918 988 1998 πή
1015 1915 1110 1976 ΜΗ·

93 2017 130 2082 αί
151 2023 244 2101 ΔΜ,
273 2022 357 2084 ΜΗ
378 2015 444 2103 άρα
472 2020 572 2105 ῥηταί
597 2021 661 2085 είσι
690 2015 831 2102 δυνάμει
855 2015 962 2103 μόνον
985 2014 1110 2102 σάμμε·

92 2143 178 2205 τροι·
201 2118 237 2188 έκ
261 2123 323 2189 δύο
347 2121 413 2209 άρα
436 2121 613 2211 ὀνομάτων
635 2121 726 2191 ἐστὶν
747 2119 768 2209 ή
793 2127 873 2190 ΔΗ.
1064 2138 1068 2144 ’

159 2226 256 2311 Λέγω
280 2226 334 2313 δή,
358 2227 408 2295 ὅτι
431 2230 485 2296 καί
510 2231 594 2316 ἕκτη.

40 2353 74 2402 20
156 2328 293 2417 Ὁμοίως
316 2333 358 2418 δή
382 2333 483 2401 πάλιν
507 2338 669 2422 δείξομεν,
694 2335 743 2403 ὅτι
763 2338 800 2403 τὸ
819 2332 885 2403 ὑπὸ
904 2337 971 2403 τάν
986 2337 1116 2401 ΔΚΜ

95 2443 171 2504 ίσον
199 2433 269 2504 ἐστὶ
296 2449 341 2530 τῷ
370 2437 435 2507 άπὸ
462 2445 520 2527 τῆς
543 2449 636 2529 ΜΝ,
663 2441 720 2510 καὶ
748 2440 798 2510 ὅτι
826 2438 847 2528 ή
871 2447 946 2509 ΔΚ
965 2443 1005 2529 πή
1030 2445 1117 2507 ΚΜ

94 2541 191 2629 μήκει
217 2539 309 2612 ἐστὶν
337 2543 557 2632 ἀσύμμετρος·
589 2549 645 2616 καὶ
669 2546 725 2616 διά
748 2547 788 2616 τά
812 2545 895 2616 αὐτὰ
920 2545 962 2633 δή
984 2543 1006 2631 ἡ
1031 2551 1119 2613 ΔΜ

94 2653 154 2735 τῆς
181 2657 263 2718 ΜΗ
286 2658 396 2737 μεῖζον
425 2653 565 2720 δύναται
593 2665 639 2747 τῷ
668 2653 732 2722 άπὸ
761 2654 974 2740 ἀσυμμέτρου
1004 2651 1111 2739 ἑαυτῇ

96 2754 201 2841 μήκει.
245 2755 301 2823 καὶ
325 2755 484 2845 οὐδετέρα
509 2771 579 2828 τῶν
608 2768 700 2845 ΔΜ,
725 2767 807 2828 ΜΗ
828 2755 1017 2847 σύμμετρός
1041 2758 1114 2825 ἐστι

42 2880 75 2930 25
95 2863 134 2948 τή
159 2861 328 2950 έκκειμίνη
353 2863 434 2953 ῥητή
458 2869 498 2954 τῇ
522 2873 592 2932 ΛΕ
613 2865 717 2952 μήκει.

168 3095 193 3143 1.
212 3089 285 3162 ἴσον]
306 3092 367 3146 ἴσον
385 3092 673 3166 παραλληλόγραμμον
692 3095 726 3150 V.
785 3101 810 3149 4.
829 3092 1057 3150 καταοκενάσθω
1077 3095 1111 3162 V,

97 3158 147 3215 sed
165 3176 235 3215 corr.
307 3166 333 3216 ὅ.
357 3160 551 3235 δίο]δοοεν.
571 3165 690 3235 οεμΓ.
769 3171 792 3220 6.
817 3171 872 3220 ΑΓ
911 3171 962 3221 ΓΑ
980 3165 1011 3219 F.
1085 3171 1109 3221 9.

96 3225 128 3285 τδ
148 3232 335 3302 συγκείμενον
355 3228 386 3288 ἐκ
405 3235 461 3288 τῶν
480 3230 531 3290 ἀπ’
549 3230 643 3290 αὐτῶν
657 3234 841 3306 τετραγώνων
902 3253 955 3291 oon
972 3237 1112 3306 (BFVb).

17 3316 21 3325 ·
134 3306 176 3355 10.
195 3301 247 3375 τῷ]
268 3308 306 3378 τῷ
326 3299 358 3359 ἐκ
376 3304 433 3358 τῶν
451 3304 481 3359 Ρ.
552 3303 601 3378 τά]
625 3324 679 3363 om.
697 3308 724 3361 b.
798 3305 1064 3378 προδεδειδαγμένα
1082 3305 1113 3374 P,

97 3386 167 3428 corr.
187 3391 224 3428 m.
246 3380 270 3428 1.
349 3380 389 3427 12.
413 3374 601 3444 παράκεινται
624 3379 654 3432 Ρ.
729 3375 820 3450 ἐστίν]
847 3374 904 3433 ἐστὶ
922 3380 976 3433 καί
994 3377 1113 3434 BFVb.

132 3448 175 3500 Ιῠ,
195 3439 272 3500 ἐστίν
290 3444 320 3500 Ρ.
394 3452 436 3501 16.
454 3447 531 3521 ΜΖ]
550 3464 619 3502 corr.
638 3465 673 3502 ex
691 3452 755 3503 ΜΓ
770 3448 891 3504 m.1F.
966 3455 1008 3505 17.
1029 3450 1111 3522 ΔΜ]

82 3528 155 3572 com
182 3533 219 3574 ex
239 3520 310 3574 AM
325 3536 364 3575 m.
384 3534 441 3577 rec.
460 3520 492 3579 P.
568 3525 612 3576 ιν.
635 3515 847 3592 δήηοωῶῆ.
915 3525 965 3572 με,
984 3517 1115 3589 εήζηίρ
