2332 3840
96 170 140 235 88
483 167 686 222 εεοιεειοα
704 163 733 223 ι’.

97 308 179 381 οὐδὲ
201 308 240 378 τὸ
264 307 331 378 άπὸ
353 314 412 396 τῆς
429 316 497 378 ΒΑ
515 307 582 398 ἄρα
604 307 689 398 πρὸς
711 304 749 377 τὸ
767 305 835 377 άαὸ
854 311 914 395 τῆς
932 314 1000 375 ΑΖ
1017 305 1110 394 λόγον
1151 332 1154 337 ·

97 421 179 504 ἔχει,
204 414 246 485 ὃν
268 415 476 505 τετράγιιυος
498 413 644 504 άριθμός
672 418 755 503 πρὸς
780 411 997 504 τετράγωνον
1024 411 1111 503 ἀριθ-

96 521 175 610 μόν·
207 517 418 610 ἀσύμμετρος
444 519 510 610 άρα
537 521 628 590 ἐστὶν
650 517 673 607 ή
696 527 762 589 ΑΒ
785 524 825 609 τῇ
849 527 916 588 ΑΖ
941 518 1055 607 μήκει·
1081 520 1112 589 αἱ

97 634 177 714 ΒΑ,
205 636 270 697 ΑΖ
302 626 368 717 άρα
399 630 502 716 ῥηταί
527 630 593 694 εἰσι
621 625 764 712 δυνάμει
791 624 901 713 μόνον
929 624 1112 714 σύμμετροι

63 734 155 808 ὁκαὶ
187 737 261 803 ἐπεί
291 738 410 820 [ἐστιν]
444 731 489 814 ὡς
512 733 531 802 ὁ
556 738 626 801 ΔΓ
647 730 732 822 πρὸς
757 729 819 800 τὸν
842 737 922 818 ΓΕ,
952 729 1063 813 οὕτως
1080 731 1113 800 τὸ

98 838 164 910 άπὸ
188 846 247 928 τῆς
265 849 332 909 ΒΑ
350 839 435 929 πρὸς
456 839 494 908 τὸ
519 837 585 908 άπὸ
609 843 668 926 τῆς
686 845 764 925 AZ,
786 835 1040 928 ἀναστρέψαντι
1056 836 1115 927 άρι

99 944 145 1027 ὡς
169 944 187 1014 ὁ
210 953 278 1015 ΓΔ
299 945 383 1034 πρὸς
405 942 466 1013 τὸν
490 953 569 1030 ΔΒ,
593 942 701 1024 οὕτως
723 941 761 1011 τὸ
785 940 851 1011 άπὸ
875 947 936 1031 τής
953 952 1023 1012 AB
1040 942 1115 1033 πρὸς

98 1055 137 1122 τὸ
160 1050 226 1120 άτιὸ
249 1055 309 1138 τῆς
331 1058 402 1119 ΒΖ.
448 1048 466 1119 ὁ
492 1051 529 1119 δὲ
547 1056 614 1118 ΓΔ
632 1051 717 1136 πρὸς
743 1051 802 1118 τὸν
822 1056 892 1117 ΔΕ
913 1048 1022 1137 λόγον
1048 1055 1115 1138 ἔχει,

100 1155 142 1226 ὃν
173 1155 383 1243 τετράγωνος
414 1154 560 1245 ἀριθμὸς
591 1155 692 1244 πρὸς-
707 1155 921 1244 τετράγωνον
957 1153 1116 1244 ἀριθμόν·

47 1292 81 1341 10
99 1263 155 1331 καὶ
178 1264 216 1331 τὸ
239 1261 305 1331 άιιὸ
328 1267 388 1349 τῆς
410 1270 475 1331 ΑΒ
499 1261 565 1348 άρα
592 1261 677 1352 πρὸς
699 1260 737 1331 τὸ
761 1261 826 1332 άτιὸ
849 1266 909 1349 τῆς
932 1269 997 1330 ΒΖ
1020 1262 1117 1350 λόγον
1161 1328 1163 1347 ,

100 1374 177 1456 ἔχει,
197 1367 239 1438 ὃν
251 1368 460 1458 τετράγωνος
473 1367 619 1457 ἀριθμὸς
632 1367 717 1457 πρὸς
730 1367 942 1458 τετράγωνον
956 1365 1119 1456 ἀριθμόν·

103 1475 291 1564 σύμμετρος
318 1473 384 1564 άρα
414 1476 504 1544 ἐστὶν
527 1472 547 1562 ἡ
571 1482 638 1544 ΑΒ
665 1480 705 1566 τῇ
729 1483 791 1544 ΒΖ
819 1475 924 1562 μήκει.
969 1482 1034 1544 καί
1056 1477 1120 1545 ἐστι
1161 1540 1163 1547 .

100 1580 139 1651 τὸ
162 1580 228 1650 άτιὸ
251 1592 310 1669 τῆς
333 1589 399 1650 ΑΒ
427 1590 504 1650 ἴσον
530 1595 600 1661 τοῖς
622 1580 689 1650 άπὸ
712 1586 780 1651 τῶν
803 1589 879 1668 ΑΖ,
899 1588 975 1649 ΖΒ·
1013 1580 1121 1669 ήΑΒ

102 1688 169 1780 άρα
191 1694 250 1777 τής
272 1695 338 1758 ΑΖ
360 1695 473 1778 μεῖζον
497 1687 638 1757 δύναται
661 1693 701 1778 τῇ
724 1695 787 1756 ΒΖ
810 1688 987 1781 συμμέτρῳ
1014 1690 1122 1778 ἑαυτῇ.

49 1822 83 1872 15
171 1794 342 1884 Εὕρηνται
365 1793 431 1884 άρα
450 1793 513 1862 δύο
533 1794 630 1882 ῥηταὶ
650 1793 792 1881 δυνάμει
810 1792 919 1881 μόνον
939 1793 1124 1886 σύμμετροι

103 1904 142 1969 αί
163 1908 240 1987 ΒΑ,
258 1911 291 1969 Α
297 1910 335 1989 Ζ,
359 1900 443 1971 ὥστε
464 1898 526 1987 τὴν
544 1907 680 1988 μείζονα
695 1898 757 1987 τήν
776 1906 841 1968 ΑΒ
859 1903 917 1986 τῆς
941 1899 1125 1982 ἐλάσσονος

102 2010 162 2094 τής
185 2013 252 2073 ΑΖ
275 2013 387 2093 μεῖζον
410 2007 582 2075 δύνασθαι
604 2011 650 2099 τῷ
675 2005 740 2075 άπὸ
763 2016 822 2093 τῆς
844 2013 909 2073 ΒΖ
932 2010 1126 2098 συμμέτρου

104 2112 206 2199 ἑαυτῇ
231 2111 340 2198 μήκει·
364 2110 444 2200 ὅπερ
468 2117 536 2182 ἔδει
560 2116 675 2195 δεῖξαι.

595 2289 634 2359 λ’.

52 2439 88 2490 20
175 2408 322 2503 Εὑρεῖν
353 2411 430 2482 ’δύο
465 2414 585 2502 ῥητὰς
619 2413 787 2501 δυνάμει
821 2415 945 2501 μόνον
981 2417 1126 2503 συμμέ-

102 2544 238 2608 τρους,
258 2516 356 2588 ὥστε
374 2521 445 2606 τήν
465 2524 629 2608 μείζονα
653 2522 721 2606 τής
744 2517 967 2600 ἐλάσσονος
989 2527 1128 2608 μεῖζον

105 2626 310 2695 δύνασθαι
332 2630 382 2720 τῷ
407 2624 483 2694 άπὸ
511 2622 767 2713 ἀσυμμέτρου
790 2625 908 2713 ἑαυτῇ
933 2624 1061 2712 μήκει.

171 2730 352 2800 Ἐκκείσθω
377 2733 460 2819 ῥητή
479 2728 501 2817 ἡ
520 2737 586 2798 ΑΒ
604 2731 660 2798 καὶ
680 2731 742 2799 δύο
761 2731 964 2818 τετράγωνοι
983 2728 1128 2823 ἀριθμοὶ

105 2838 142 2905 οἱ
162 2843 236 2922 ΓΒ,
254 2842 332 2922 ΒΔ,
357 2833 442 2904 ὥστε
464 2839 523 2905 τὸν
548 2842 767 2924 συγκείμενον
786 2837 820 2917 ἐξ
843 2834 956 2904 αὐτῶν
978 2840 1040 2907 τὸν
1065 2846 1128 2907 ΓΔ

53 2971 88 3022 25
107 2941 153 3030 μή
178 2939 265 3010 εἶναι
287 2941 510 3030 τετράγωνον,
533 2943 590 3011 καὶ
612 2941 797 3031 γεγράφθω
818 2942 871 3010 ἐπὶ
889 2947 948 3031 τῆς
966 2952 1032 3012 ΑΒ
1051 2943 1129 3034 ἡμι-

103 3069 320 3083 ——n-——n-n

181 3126 205 3174 1.
225 3124 275 3173 AB
295 3119 324 3174 F.
384 3115 455 3193 ἄρα]
473 3137 558 3190 supra
576 3137 627 3176 scr.
646 3138 682 3176 m.
704 3121 768 3175 1Ρ.
840 3120 905 3191 ΑΖ]
927 3125 1073 3180 Ζοοοεε.
1093 3123 1127 3180 V.

143 3192 287 3246 ειιΑΡ.
360 3196 386 3247 4.
406 3190 638 3260 AB,Aszb;
659 3188 833 3258 AZ‚ABF.
903 3190 1025 3248 εισινΒ.
1102 3199 1126 3249 ε.

108 3257 198 3334 ἔστιν]
218 3278 272 3316 om.
290 3262 322 3316 P.
383 3257 447 3332 τόν]
466 3265 535 3316 mut.
554 3260 584 3316 in
602 3259 634 3315 τό
652 3280 688 3315 m.
709 3268 724 3315 2
744 3261 773 3318 F.
848 3268 888 3317 10.
908 3263 958 3317 καὶ
975 3260 1008 3318 τό
1027 3294 1063 3304 -
1085 3270 1127 3320 11.

105 3327 249 3404 άριθμόν]
267 3349 324 3402 mg.
337 3350 374 3388 m.
391 3338 406 3386 1
420 3333 442 3386 F
458 3335 578 3402 (partem
592 3332 710 3387 abstulit
723 3332 865 3402 reparatio
879 3337 1026 3404 pergam).
1085 3341 1126 3390 12.

106 3417 246 3509 σοήάετρος
264 3438 293 3494 Ρ.
352 3433 427 3493 ἔστιν
446 3438 477 3493 Ρ.
543 3443 585 3492 14.
605 3433 691 3510 ἑαυτῇ
712 3434 796 3509 μήκει
815 3439 848 3493 V.
924 3444 966 3495 15.
985 3435 1127 3510 ηὕρηνται

105 3509 162 3568 Fb.
237 3515 278 3567 17.
296 3509 415 3582 μείζονα
432 3508 464 3568 Ρ.
537 3513 585 3564 ΖΒ
604 3507 660 3566 Bb.
721 3507 868 3581 συμμέτρῳ
886 3508 920 3566 Β.
992 3515 1035 3568 18.
1054 3505 1127 3581 ὅπερ
