<?xml version="1.0" encoding="UTF-8"?>
<!DOCTYPE html PUBLIC "-//W3C//DTD XHTML 1.0 Transitional//EN"
    "http://www.w3.org/TR/xhtml1/DTD/xhtml1-transitional.dtd">
<html xmlns="http://www.w3.org/1999/xhtml" xml:lang="en" lang="en">
 <head>
  <title>
</title>
<meta http-equiv="Content-Type" content="text/html;charset=utf-8" />
  <meta name='ocr-system' content='tesseract 3.04.00' />
  <meta name='ocr-capabilities' content='ocr_page ocr_carea ocr_par ocr_line ocrx_word'/>
</head>
<body>
  <div class='ocr_page' id='page_1' title='image "./euclidisoperaom11unkngoog_0362.png"; bbox 0 0 2378 3832; ppageno 0'>
   <div class='ocr_carea' id='block_1_1' title="bbox 346 163 1075 228">
    <p class='ocr_par' dir='ltr' id='par_1_1' title="bbox 346 163 1075 228">
     <span class='ocr_line' id='line_1_1' title="bbox 346 163 1075 228; baseline 0.019 -13"><span class='ocrx_word' id='word_1_1' title='bbox 346 165 620 217; x_wconf 75' lang='lat' dir='ltr'>mnuannoauu</span> <span class='ocrx_word' id='word_1_2' title='bbox 637 166 747 216; x_wconf 79' lang='lat' dir='ltr'>meaa</span> <span class='ocrx_word' id='word_1_3' title='bbox 764 168 798 217; x_wconf 84' lang='lat' dir='ltr'>x.</span> <span class='ocrx_word' id='word_1_4' title='bbox 1012 163 1075 228; x_wconf 83' lang='lat'>351</span> 
     </span>
    </p>
   </div>
   <div class='ocr_carea' id='block_1_2' title="bbox 40 305 1092 1754">
    <p class='ocr_par' dir='ltr' id='par_1_2' title="bbox 61 305 1092 1524">
     <span class='ocr_line' id='line_1_2' title="bbox 63 305 1077 392; baseline 0.002 -20"><span class='ocrx_word' id='word_1_5' title='bbox 63 307 170 372; x_wconf 87' lang='lat' dir='ltr'>cunda</span> <span class='ocrx_word' id='word_1_6' title='bbox 195 309 298 391; x_wconf 87' lang='lat' dir='ltr'>[prop.</span> <span class='ocrx_word' id='word_1_7' title='bbox 321 305 452 388; x_wconf 67' lang='lat' dir='ltr'>XCIII}</span> <span class='ocrx_word' id='word_1_8' title='bbox 499 329 575 392; x_wconf 87' lang='lat' dir='ltr'>ergo</span> <span class='ocrx_word' id='word_1_9' title='bbox 594 312 689 372; x_wconf 84' lang='lat' dir='ltr'>recta</span> <span class='ocrx_word' id='word_1_10' title='bbox 711 309 817 392; x_wconf 89' lang='lat' dir='ltr'>spatio</span> <span class='ocrx_word' id='word_1_11' title='bbox 840 312 919 392; x_wconf 74' lang='lat' dir='ltr'>Ao,</span> <span class='ocrx_word' id='word_1_12' title='bbox 940 308 1004 374; x_wconf 90' lang='lat' dir='ltr'>hoc</span> <span class='ocrx_word' id='word_1_13' title='bbox 1027 313 1077 374; x_wconf 86' lang='lat' dir='ltr'>est</span> 
     </span>
     <span class='ocr_line' id='line_1_3' title="bbox 61 412 1054 498; baseline 0.003 -21"><span class='ocrx_word' id='word_1_14' title='bbox 61 416 135 495; x_wconf 83' lang='lat' dir='ltr'>EF,</span> <span class='ocrx_word' id='word_1_15' title='bbox 160 413 306 498; x_wconf 88' lang='lat' dir='ltr'>aequalis</span> <span class='ocrx_word' id='word_1_16' title='bbox 330 412 488 497; x_wconf 87' lang='lat' dir='ltr'>quadrata</span> <span class='ocrx_word' id='word_1_17' title='bbox 511 414 634 479; x_wconf 91' lang='lat' dir='ltr'>mediae</span> <span class='ocrx_word' id='word_1_18' title='bbox 658 419 809 498; x_wconf 79' lang='lat' dir='ltr'>apotome</span> <span class='ocrx_word' id='word_1_19' title='bbox 833 419 883 478; x_wconf 88' lang='lat' dir='ltr'>est</span> <span class='ocrx_word' id='word_1_20' title='bbox 906 416 1054 480; x_wconf 89' lang='lat' dir='ltr'>secunda.</span> 
     </span>
     <span class='ocr_line' id='line_1_4' title="bbox 131 516 1078 605; baseline 0.004 -22"><span class='ocrx_word' id='word_1_21' title='bbox 131 519 183 583; x_wconf 89' lang='lat' dir='ltr'>sin</span> <span class='ocrx_word' id='word_1_22' title='bbox 207 516 282 585; x_wconf 70' lang='lat'>28⁸</span> <span class='ocrx_word' id='word_1_23' title='bbox 305 519 432 584; x_wconf 77' lang='lat' dir='ltr'>excedit</span> <span class='ocrx_word' id='word_1_24' title='bbox 454 519 538 586; x_wconf 66' lang='grc' dir='ltr'>ΖΚ2</span> <span class='ocrx_word' id='word_1_25' title='bbox 560 522 718 605; x_wconf 89' lang='lat' dir='ltr'>quadrato</span> <span class='ocrx_word' id='word_1_26' title='bbox 741 525 850 586; x_wconf 85' lang='lat' dir='ltr'>rectae</span> <span class='ocrx_word' id='word_1_27' title='bbox 873 520 937 584; x_wconf 87' lang='lat' dir='ltr'>sibi</span> <span class='ocrx_word' id='word_1_28' title='bbox 958 520 1078 587; x_wconf 92' lang='lat' dir='ltr'>incom-</span> 
     </span>
     <span class='ocr_line' id='line_1_5' title="bbox 62 627 1081 711; baseline 0.001 -20"><span class='ocrx_word' id='word_1_29' title='bbox 62 627 305 709; x_wconf 80' lang='lat' dir='ltr'>mensurabilis,</span> <span class='ocrx_word' id='word_1_30' title='bbox 328 631 361 691; x_wconf 89' lang='lat' dir='ltr'>et</span> <span class='ocrx_word' id='word_1_31' title='bbox 379 631 497 693; x_wconf 85' lang='lat' dir='ltr'>neutra</span> <span class='ocrx_word' id='word_1_32' title='bbox 517 633 679 693; x_wconf 87' lang='lat' dir='ltr'>rectarum</span> <span class='ocrx_word' id='word_1_33' title='bbox 698 632 770 711; x_wconf 80' lang='grc' dir='ltr'>ΘΖ,</span> <span class='ocrx_word' id='word_1_34' title='bbox 791 631 858 692; x_wconf 89' lang='grc' dir='ltr'>ΖΚ</span> <span class='ocrx_word' id='word_1_35' title='bbox 878 629 985 692; x_wconf 87' lang='lat' dir='ltr'>rectae</span> <span class='ocrx_word' id='word_1_36' title='bbox 1008 629 1081 692; x_wconf 87' lang='grc' dir='ltr'>ΖΗ</span> 
     </span>
     <span class='ocr_line' id='line_1_6' title="bbox 62 733 1092 821; baseline -0.004 -24"><span class='ocrx_word' id='word_1_37' title='bbox 62 733 366 798; x_wconf 88' lang='lat' dir='ltr'>commensurabilis</span> <span class='ocrx_word' id='word_1_38' title='bbox 381 738 432 800; x_wconf 87' lang='lat' dir='ltr'>est</span> <span class='ocrx_word' id='word_1_39' title='bbox 445 734 658 821; x_wconf 78' lang='lat' dir='ltr'>longitudine,</span> <span class='ocrx_word' id='word_1_40' title='bbox 677 739 712 799; x_wconf 88' lang='lat' dir='ltr'><em>K</em></span> <span class='ocrx_word' id='word_1_41' title='bbox 715 739 744 799; x_wconf 80' lang='grc' dir='ltr'>Θ</span> <span class='ocrx_word' id='word_1_42' title='bbox 758 741 848 799; x_wconf 71' lang='lat' dir='ltr'>sexta</span> <span class='ocrx_word' id='word_1_43' title='bbox 862 737 912 798; x_wconf 86' lang='lat' dir='ltr'>est</span> <span class='ocrx_word' id='word_1_44' title='bbox 926 736 1092 817; x_wconf 82' lang='lat' dir='ltr'>apotome.</span> 
     </span>
     <span class='ocr_line' id='line_1_7' title="bbox 66 839 1076 926; baseline 0.002 -23"><span class='ocrx_word' id='word_1_45' title='bbox 66 839 153 920; x_wconf 86' lang='lat' dir='ltr'>[deff.</span> <span class='ocrx_word' id='word_1_46' title='bbox 171 843 246 905; x_wconf 88' lang='lat' dir='ltr'>tert.</span> <span class='ocrx_word' id='word_1_47' title='bbox 265 841 310 921; x_wconf 90' lang='grc'>6].</span> <span class='ocrx_word' id='word_1_48' title='bbox 355 843 446 907; x_wconf 87' lang='lat' dir='ltr'>recta</span> <span class='ocrx_word' id='word_1_49' title='bbox 469 845 577 906; x_wconf 87' lang='lat' dir='ltr'>autem</span> <span class='ocrx_word' id='word_1_50' title='bbox 601 842 708 926; x_wconf 89' lang='lat' dir='ltr'>spatio</span> <span class='ocrx_word' id='word_1_51' title='bbox 732 841 965 926; x_wconf 88' lang='lat' dir='ltr'>comprehenso</span> <span class='ocrx_word' id='word_1_52' title='bbox 988 843 1076 905; x_wconf 87' lang='lat' dir='ltr'>recta</span> 
     </span>
     <span class='ocr_line' id='line_1_8' title="bbox 62 946 1078 1033; baseline 0 -23"><span class='ocrx_word' id='word_1_53' title='bbox 62 946 218 1011; x_wconf 88' lang='lat' dir='ltr'>rationali</span> <span class='ocrx_word' id='word_1_54' title='bbox 250 949 283 1010; x_wconf 89' lang='lat' dir='ltr'>et</span> <span class='ocrx_word' id='word_1_55' title='bbox 315 950 468 1031; x_wconf 77' lang='lat' dir='ltr'>apotome</span> <span class='ocrx_word' id='word_1_56' title='bbox 497 952 590 1012; x_wconf 86' lang='lat' dir='ltr'>sexta</span> <span class='ocrx_word' id='word_1_57' title='bbox 622 948 768 1033; x_wconf 89' lang='lat' dir='ltr'>aequalis</span> <span class='ocrx_word' id='word_1_58' title='bbox 796 946 956 1032; x_wconf 88' lang='lat' dir='ltr'>quadrata</span> <span class='ocrx_word' id='word_1_59' title='bbox 987 949 1078 1011; x_wconf 88' lang='lat' dir='ltr'>recta</span> 
     </span>
     <span class='ocr_line' id='line_1_9' title="bbox 64 1050 1077 1140; baseline 0.001 -24"><span class='ocrx_word' id='word_1_60' title='bbox 64 1054 114 1116; x_wconf 85' lang='lat' dir='ltr'>est</span> <span class='ocrx_word' id='word_1_61' title='bbox 138 1074 211 1117; x_wconf 90' lang='lat' dir='ltr'>cum</span> <span class='ocrx_word' id='word_1_62' title='bbox 234 1052 340 1118; x_wconf 91' lang='lat' dir='ltr'>medio</span> <span class='ocrx_word' id='word_1_63' title='bbox 362 1057 469 1118; x_wconf 91' lang='lat' dir='ltr'>totum</span> <span class='ocrx_word' id='word_1_64' title='bbox 492 1053 633 1118; x_wconf 86' lang='lat' dir='ltr'>medium</span> <span class='ocrx_word' id='word_1_65' title='bbox 658 1053 801 1119; x_wconf 84' lang='lat' dir='ltr'>efficiens</span> <span class='ocrx_word' id='word_1_66' title='bbox 826 1050 930 1140; x_wconf 81' lang='lat' dir='ltr'>[prop.</span> <span class='ocrx_word' id='word_1_67' title='bbox 947 1050 1077 1133; x_wconf 66' lang='lat' dir='ltr'>XCVI}</span> 
     </span>
     <span class='ocr_line' id='line_1_10' title="bbox 63 1158 1077 1243; baseline 0.003 -22"><span class='ocrx_word' id='word_1_68' title='bbox 63 1177 140 1242; x_wconf 88' lang='lat' dir='ltr'>ergo</span> <span class='ocrx_word' id='word_1_69' title='bbox 163 1160 254 1222; x_wconf 90' lang='lat' dir='ltr'>recta</span> <span class='ocrx_word' id='word_1_70' title='bbox 276 1159 382 1243; x_wconf 91' lang='lat' dir='ltr'>spatio</span> <span class='ocrx_word' id='word_1_71' title='bbox 402 1162 477 1241; x_wconf 82' lang='lat' dir='ltr'>Ao,</span> <span class='ocrx_word' id='word_1_72' title='bbox 500 1158 562 1223; x_wconf 88' lang='lat' dir='ltr'>hoo</span> <span class='ocrx_word' id='word_1_73' title='bbox 585 1161 636 1222; x_wconf 89' lang='lat' dir='ltr'>est</span> <span class='ocrx_word' id='word_1_74' title='bbox 658 1162 729 1242; x_wconf 82' lang='grc' dir='ltr'>ΕΓ,</span> <span class='ocrx_word' id='word_1_75' title='bbox 752 1158 895 1242; x_wconf 87' lang='lat' dir='ltr'>aequalis</span> <span class='ocrx_word' id='word_1_76' title='bbox 919 1159 1077 1243; x_wconf 89' lang='lat' dir='ltr'>quadrata</span> 
     </span>
     <span class='ocr_line' id='line_1_11' title="bbox 62 1263 1077 1350; baseline 0 -21"><span class='ocrx_word' id='word_1_77' title='bbox 62 1267 152 1329; x_wconf 85' lang='lat' dir='ltr'>recta</span> <span class='ocrx_word' id='word_1_78' title='bbox 166 1263 216 1328; x_wconf 86' lang='lat' dir='ltr'>est</span> <span class='ocrx_word' id='word_1_79' title='bbox 229 1285 302 1329; x_wconf 90' lang='lat' dir='ltr'>cum</span> <span class='ocrx_word' id='word_1_80' title='bbox 315 1264 422 1330; x_wconf 91' lang='lat' dir='ltr'>medio</span> <span class='ocrx_word' id='word_1_81' title='bbox 436 1268 543 1330; x_wconf 89' lang='lat' dir='ltr'>totum</span> <span class='ocrx_word' id='word_1_82' title='bbox 562 1264 704 1329; x_wconf 90' lang='lat' dir='ltr'>medium</span> <span class='ocrx_word' id='word_1_83' title='bbox 723 1263 877 1349; x_wconf 81' lang='lat' dir='ltr'>efficiens3</span> <span class='ocrx_word' id='word_1_84' title='bbox 901 1264 988 1350; x_wconf 88' lang='lat' dir='ltr'>quod</span> <span class='ocrx_word' id='word_1_85' title='bbox 1006 1268 1077 1330; x_wconf 89' lang='lat' dir='ltr'>erat</span> 
     </span>
     <span class='ocr_line' id='line_1_12' title="bbox 62 1370 361 1436; baseline 0 -1"><span class='ocrx_word' id='word_1_86' title='bbox 62 1370 361 1436; x_wconf 88' lang='lat' dir='ltr'>demonstrandum.</span> 
     </span>
     <span class='ocr_line' id='line_1_13' title="bbox 533 1456 615 1524; baseline -0.024 -1"><span class='ocrx_word' id='word_1_87' title='bbox 533 1456 615 1524; x_wconf 83' lang='lat' dir='ltr'>OXI.</span> 
     </span>
    </p>

    <p class='ocr_par' dir='ltr' id='par_1_3' title="bbox 40 1581 1076 1754">
     <span class='ocr_line' id='line_1_14' title="bbox 40 1581 1076 1665; baseline 0.004 -20"><span class='ocrx_word' id='word_1_88' title='bbox 40 1630 43 1635; x_wconf 80' lang='lat'><em>.</em></span> <span class='ocrx_word' id='word_1_89' title='bbox 130 1582 294 1665; x_wconf 88' lang='lat' dir='ltr'>Apotome</span> <span class='ocrx_word' id='word_1_90' title='bbox 319 1581 430 1646; x_wconf 88' lang='lat' dir='ltr'>eadem</span> <span class='ocrx_word' id='word_1_91' title='bbox 452 1586 592 1648; x_wconf 85' lang='lat' dir='ltr'>nonest</span> <span class='ocrx_word' id='word_1_92' title='bbox 620 1604 656 1647; x_wconf 89' lang='lat' dir='ltr'>ac</span> <span class='ocrx_word' id='word_1_93' title='bbox 684 1588 774 1649; x_wconf 86' lang='lat' dir='ltr'>recta</span> <span class='ocrx_word' id='word_1_94' title='bbox 803 1606 842 1649; x_wconf 85' lang='lat' dir='ltr'>ex</span> <span class='ocrx_word' id='word_1_95' title='bbox 866 1584 991 1649; x_wconf 91' lang='lat' dir='ltr'>duobus</span> <span class='ocrx_word' id='word_1_96' title='bbox 1019 1607 1076 1650; x_wconf 94' lang='lat' dir='ltr'>no·</span> 
     </span>
     <span class='ocr_line' id='line_1_15' title="bbox 61 1688 218 1754; baseline 0.013 -2"><span class='ocrx_word' id='word_1_97' title='bbox 61 1688 218 1754; x_wconf 85' lang='lat' dir='ltr'>minibus.</span> 
     </span>
    </p>
   </div>
   <div class='ocr_carea' id='block_1_3' title="bbox 133 1791 1077 1897">
    <p class='ocr_par' dir='ltr' id='par_1_4' title="bbox 133 1791 1077 1897">
     <span class='ocr_line' id='line_1_16' title="bbox 133 1791 1077 1897; baseline -0.002 -34"><span class='ocrx_word' id='word_1_98' title='bbox 133 1791 185 1863; x_wconf 79' lang='lat' dir='ltr'>Sit</span> <span class='ocrx_word' id='word_1_99' title='bbox 207 1797 273 1857; x_wconf 83' lang='lat' dir='ltr'>AB</span> <span class='ocrx_word' id='word_1_100' title='bbox 296 1797 457 1878; x_wconf 85' lang='lat' dir='ltr'>apotome.</span> <span class='ocrx_word' id='word_1_101' title='bbox 502 1793 584 1874; x_wconf 87' lang='lat' dir='ltr'>dico,</span> <span class='ocrx_word' id='word_1_102' title='bbox 608 1798 673 1858; x_wconf 88' lang='lat' dir='ltr'>AB</span> <span class='ocrx_word' id='word_1_103' title='bbox 698 1794 832 1859; x_wconf 89' lang='lat' dir='ltr'>eandem</span> <span class='ocrx_word' id='word_1_104' title='bbox 854 1816 921 1897; x_wconf 85' lang='lat' dir='ltr'>non</span> <span class='ocrx_word' id='word_1_105' title='bbox 945 1817 1015 1861; x_wconf 89' lang='lat' dir='ltr'>esse</span> <span class='ocrx_word' id='word_1_106' title='bbox 1039 1818 1077 1861; x_wconf 88' lang='lat' dir='ltr'>ao</span> 
     </span>
    </p>
   </div>
   <div class='ocr_carea' id='block_1_4' title="bbox 58 1896 1095 3576">
    <p class='ocr_par' dir='ltr' id='par_1_5' title="bbox 61 1896 618 1965">
     <span class='ocr_line' id='line_1_17' title="bbox 61 1896 618 1965; baseline 0 -1"><span class='ocrx_word' id='word_1_107' title='bbox 61 1896 187 1965; x_wconf 83' lang='lat' dir='ltr'>rectam</span> <span class='ocrx_word' id='word_1_108' title='bbox 211 1920 249 1964; x_wconf 86' lang='lat' dir='ltr'>ex</span> <span class='ocrx_word' id='word_1_109' title='bbox 273 1898 398 1964; x_wconf 89' lang='lat' dir='ltr'>duobus</span> <span class='ocrx_word' id='word_1_110' title='bbox 420 1899 618 1964; x_wconf 84' lang='lat' dir='ltr'>nominibus.</span> 
     </span>
    </p>

    <p class='ocr_par' dir='ltr' id='par_1_6' title="bbox 129 2003 1081 2089">
     <span class='ocr_line' id='line_1_18' title="bbox 129 2003 1081 2089; baseline 0.002 -21"><span class='ocrx_word' id='word_1_111' title='bbox 129 2026 218 2088; x_wconf 82' lang='lat' dir='ltr'>narn,</span> <span class='ocrx_word' id='word_1_112' title='bbox 242 2003 270 2068; x_wconf 91' lang='lat' dir='ltr'>si</span> <span class='ocrx_word' id='word_1_113' title='bbox 293 2003 364 2068; x_wconf 89' lang='lat' dir='ltr'>fieri</span> <span class='ocrx_word' id='word_1_114' title='bbox 384 2007 502 2089; x_wconf 88' lang='lat' dir='ltr'>potest,</span> <span class='ocrx_word' id='word_1_115' title='bbox 526 2004 576 2069; x_wconf 89' lang='lat' dir='ltr'>sit.</span> <span class='ocrx_word' id='word_1_116' title='bbox 615 2009 648 2070; x_wconf 90' lang='lat' dir='ltr'>et</span> <span class='ocrx_word' id='word_1_117' title='bbox 665 2011 805 2089; x_wconf 87' lang='lat' dir='ltr'>ponatur</span> <span class='ocrx_word' id='word_1_118' title='bbox 823 2007 992 2071; x_wconf 86' lang='lat' dir='ltr'>rationalis</span> <span class='ocrx_word' id='word_1_119' title='bbox 1011 2009 1081 2070; x_wconf 90' lang='grc' dir='ltr'>ΔΓ</span> 
     </span>
    </p>

    <p class='ocr_par' dir='ltr' id='par_1_7' title="bbox 59 2106 1084 2532">
     <span class='ocr_line' id='line_1_19' title="bbox 61 2106 1077 2197; baseline 0.002 -21"><span class='ocrx_word' id='word_1_120' title='bbox 61 2115 96 2176; x_wconf 90' lang='lat' dir='ltr'>et</span> <span class='ocrx_word' id='word_1_121' title='bbox 120 2111 278 2195; x_wconf 87' lang='lat' dir='ltr'>quadrato</span> <span class='ocrx_word' id='word_1_122' title='bbox 302 2106 386 2174; x_wconf 71' lang='grc' dir='ltr'>ΑΒ2</span> <span class='ocrx_word' id='word_1_123' title='bbox 410 2111 544 2195; x_wconf 90' lang='lat' dir='ltr'>aequale</span> <span class='ocrx_word' id='word_1_124' title='bbox 566 2115 674 2177; x_wconf 87' lang='lat' dir='ltr'>rectae</span> <span class='ocrx_word' id='word_1_125' title='bbox 699 2115 765 2176; x_wconf 89' lang='grc' dir='ltr'>ΓΔ</span> <span class='ocrx_word' id='word_1_126' title='bbox 794 2113 973 2197; x_wconf 84' lang='lat' dir='ltr'>adplicetur</span> <span class='ocrx_word' id='word_1_127' title='bbox 995 2117 1077 2178; x_wconf 79' lang='lat' dir='ltr'>rect</span> 
     </span>
     <span class='ocr_line' id='line_1_20' title="bbox 61 2215 1078 2304; baseline 0.002 -22"><span class='ocrx_word' id='word_1_128' title='bbox 61 2218 219 2302; x_wconf 81' lang='lat' dir='ltr'>angulum</span> <span class='ocrx_word' id='word_1_129' title='bbox 235 2218 300 2279; x_wconf 90' lang='grc' dir='ltr'>ΓΕ</span> <span class='ocrx_word' id='word_1_130' title='bbox 314 2215 524 2281; x_wconf 90' lang='lat' dir='ltr'>latitudinem</span> <span class='ocrx_word' id='word_1_131' title='bbox 543 2217 685 2282; x_wconf 89' lang='lat' dir='ltr'>efficiens</span> <span class='ocrx_word' id='word_1_132' title='bbox 700 2222 777 2283; x_wconf 89' lang='grc' dir='ltr'>ΔΕ.</span> <span class='ocrx_word' id='word_1_133' title='bbox 809 2219 963 2302; x_wconf 91' lang='lat' dir='ltr'>quoniam</span> <span class='ocrx_word' id='word_1_134' title='bbox 976 2220 1078 2304; x_wconf 87' lang='lat' dir='ltr'>igitur</span> 
     </span>
     <span class='ocr_line' id='line_1_21' title="bbox 59 2326 1076 2427; baseline 0.005 -42"><span class='ocrx_word' id='word_1_135' title='bbox 59 2378 91 2427; x_wconf 43' lang='lat' dir='ltr'>A!</span> <span class='ocrx_word' id='word_1_136' title='bbox 398 2376 429 2426; x_wconf 55' lang='lat'>&#39;3</span> <span class='ocrx_word' id='word_1_137' title='bbox 490 2327 557 2387; x_wconf 89' lang='lat' dir='ltr'>AB</span> <span class='ocrx_word' id='word_1_138' title='bbox 581 2326 732 2407; x_wconf 85' lang='lat' dir='ltr'>apotome</span> <span class='ocrx_word' id='word_1_139' title='bbox 752 2329 812 2410; x_wconf 87' lang='lat' dir='ltr'>est,</span> <span class='ocrx_word' id='word_1_140' title='bbox 836 2330 906 2390; x_wconf 82' lang='grc' dir='ltr'>ΔΕ</span> <span class='ocrx_word' id='word_1_141' title='bbox 925 2331 1076 2410; x_wconf 84' lang='lat' dir='ltr'>apotome</span> 
     </span>
     <span class='ocr_line' id='line_1_22' title="bbox 224 2430 1084 2532; baseline 0.005 -39"><span class='ocrx_word' id='word_1_142' title='bbox 224 2482 254 2532; x_wconf 83' lang='lat' dir='ltr'><em>H</em></span> <span class='ocrx_word' id='word_1_143' title='bbox 280 2482 306 2532; x_wconf 83' lang='lat' dir='ltr'>E</span> <span class='ocrx_word' id='word_1_144' title='bbox 362 2519 369 2531; x_wconf 92' lang='lat'>.</span> <span class='ocrx_word' id='word_1_145' title='bbox 491 2432 542 2494; x_wconf 88' lang='lat' dir='ltr'>est</span> <span class='ocrx_word' id='word_1_146' title='bbox 564 2431 672 2514; x_wconf 86' lang='lat' dir='ltr'>prima</span> <span class='ocrx_word' id='word_1_147' title='bbox 703 2432 813 2514; x_wconf 89' lang='lat' dir='ltr'>[prop.</span> <span class='ocrx_word' id='word_1_148' title='bbox 836 2430 987 2513; x_wconf 64' lang='lat' dir='ltr'>xovnt</span> <span class='ocrx_word' id='word_1_149' title='bbox 1034 2435 1084 2527; x_wconf 89' lang='lat' dir='ltr'>sit</span> 
     </span>
    </p>

    <p class='ocr_par' dir='ltr' id='par_1_8' title="bbox 69 2537 1077 2726">
     <span class='ocr_line' id='line_1_23' title="bbox 69 2537 1076 2623; baseline 0.002 -24"><span class='ocrx_word' id='word_1_150' title='bbox 69 2540 95 2587; x_wconf 80' lang='grc' dir='ltr'><em>Δ</em></span> <span class='ocrx_word' id='word_1_151' title='bbox 235 2537 456 2586; x_wconf 67' lang='grc' dir='ltr'><em>·---’Ζ</em></span> <span class='ocrx_word' id='word_1_152' title='bbox 490 2538 553 2600; x_wconf 87' lang='grc' dir='ltr'>ΕΖ</span> <span class='ocrx_word' id='word_1_153' title='bbox 577 2537 606 2601; x_wconf 89' lang='lat' dir='ltr'>ei</span> <span class='ocrx_word' id='word_1_154' title='bbox 629 2558 820 2623; x_wconf 79' lang='lat' dir='ltr'>congruens.</span> <span class='ocrx_word' id='word_1_155' title='bbox 865 2537 975 2621; x_wconf 86' lang='lat' dir='ltr'>itaque</span> <span class='ocrx_word' id='word_1_156' title='bbox 999 2542 1076 2620; x_wconf 82' lang='lat' dir='ltr'>AZ,</span> 
     </span>
     <span class='ocr_line' id='line_1_24' title="bbox 491 2643 1077 2726; baseline 0.002 -19"><span class='ocrx_word' id='word_1_157' title='bbox 491 2646 556 2707; x_wconf 89' lang='grc' dir='ltr'>ΖΕ</span> <span class='ocrx_word' id='word_1_158' title='bbox 594 2643 769 2708; x_wconf 89' lang='lat' dir='ltr'>rationales</span> <span class='ocrx_word' id='word_1_159' title='bbox 811 2646 887 2707; x_wconf 88' lang='lat' dir='ltr'>sunt</span> <span class='ocrx_word' id='word_1_160' title='bbox 926 2643 1077 2726; x_wconf 89' lang='lat' dir='ltr'>potentia</span> 
     </span>
    </p>

    <p class='ocr_par' dir='ltr' id='par_1_9' title="bbox 489 2745 1077 2832">
     <span class='ocr_line' id='line_1_25' title="bbox 489 2745 1077 2832; baseline 0.005 -21"><span class='ocrx_word' id='word_1_161' title='bbox 489 2752 617 2812; x_wconf 86' lang='lat' dir='ltr'>tantum</span> <span class='ocrx_word' id='word_1_162' title='bbox 628 2747 945 2832; x_wconf 83' lang='lat' dir='ltr'>commensurabiles,</span> <span class='ocrx_word' id='word_1_163' title='bbox 959 2751 992 2812; x_wconf 89' lang='lat' dir='ltr'>et</span> <span class='ocrx_word' id='word_1_164' title='bbox 1001 2745 1077 2814; x_wconf 63' lang='lat'>212²</span> 
     </span>
    </p>

    <p class='ocr_par' dir='ltr' id='par_1_10' title="bbox 490 2851 1077 2938">
     <span class='ocr_line' id='line_1_26' title="bbox 490 2851 1077 2938; baseline 0.005 -20"><span class='ocrx_word' id='word_1_165' title='bbox 490 2853 616 2919; x_wconf 84' lang='lat' dir='ltr'>excedit</span> <span class='ocrx_word' id='word_1_166' title='bbox 631 2851 710 2918; x_wconf 67' lang='grc' dir='ltr'>ΖΕ2</span> <span class='ocrx_word' id='word_1_167' title='bbox 725 2854 882 2938; x_wconf 87' lang='lat' dir='ltr'>quadrato</span> <span class='ocrx_word' id='word_1_168' title='bbox 896 2857 1003 2920; x_wconf 88' lang='lat' dir='ltr'>rectae</span> <span class='ocrx_word' id='word_1_169' title='bbox 1014 2855 1077 2921; x_wconf 92' lang='lat' dir='ltr'>sibi</span> 
     </span>
    </p>

    <p class='ocr_par' dir='ltr' id='par_1_11' title="bbox 489 2960 1077 3039">
     <span class='ocr_line' id='line_1_27' title="bbox 489 2960 1077 3039; baseline 0.002 -13"><span class='ocrx_word' id='word_1_170' title='bbox 489 2960 801 3039; x_wconf 85' lang='lat' dir='ltr'>commensurabilis,</span> <span class='ocrx_word' id='word_1_171' title='bbox 811 2964 844 3024; x_wconf 88' lang='lat' dir='ltr'>et</span> <span class='ocrx_word' id='word_1_172' title='bbox 854 2965 915 3024; x_wconf 85' lang='grc' dir='ltr'>ΔΖ</span> <span class='ocrx_word' id='word_1_173' title='bbox 926 2962 1077 3027; x_wconf 87' lang='lat' dir='ltr'>rationali</span> 
     </span>
    </p>

    <p class='ocr_par' dir='ltr' id='par_1_12' title="bbox 488 3067 1076 3151">
     <span class='ocr_line' id='line_1_28' title="bbox 488 3067 1076 3151; baseline 0.009 -22"><span class='ocrx_word' id='word_1_174' title='bbox 488 3067 674 3150; x_wconf 88' lang='lat' dir='ltr'>propositae</span> <span class='ocrx_word' id='word_1_175' title='bbox 690 3071 723 3131; x_wconf 85' lang='lat' dir='ltr'><em>A</em></span> <span class='ocrx_word' id='word_1_176' title='bbox 727 3069 759 3130; x_wconf 89' lang='grc' dir='ltr'><strong><em>Γ</em></strong></span> <span class='ocrx_word' id='word_1_177' title='bbox 772 3067 978 3151; x_wconf 86' lang='lat' dir='ltr'>longitudine</span> <span class='ocrx_word' id='word_1_178' title='bbox 992 3091 1076 3134; x_wconf 91' lang='lat' dir='ltr'>com·</span> 
     </span>
    </p>

    <p class='ocr_par' dir='ltr' id='par_1_13' title="bbox 489 3172 1074 3254">
     <span class='ocr_line' id='line_1_29' title="bbox 489 3172 1074 3254; baseline 0.005 -18"><span class='ocrx_word' id='word_1_179' title='bbox 489 3172 717 3237; x_wconf 90' lang='lat' dir='ltr'>mensurabilis</span> <span class='ocrx_word' id='word_1_180' title='bbox 745 3176 795 3238; x_wconf 90' lang='lat' dir='ltr'>est</span> <span class='ocrx_word' id='word_1_181' title='bbox 823 3173 908 3254; x_wconf 85' lang='lat' dir='ltr'>[deff.</span> <span class='ocrx_word' id='word_1_182' title='bbox 932 3177 1006 3239; x_wconf 88' lang='lat' dir='ltr'>tert.</span> <span class='ocrx_word' id='word_1_183' title='bbox 1031 3176 1074 3254; x_wconf 87' lang='lat'>1].</span> 
     </span>
    </p>

    <p class='ocr_par' dir='ltr' id='par_1_14' title="bbox 58 3279 1095 3576">
     <span class='ocr_line' id='line_1_30' title="bbox 65 3279 1078 3364; baseline 0.003 -22"><span class='ocrx_word' id='word_1_184' title='bbox 65 3279 91 3330; x_wconf 87' lang='grc' dir='ltr'><em>Γ</em></span> <span class='ocrx_word' id='word_1_185' title='bbox 488 3300 599 3343; x_wconf 88' lang='lat' dir='ltr'>rursus</span> <span class='ocrx_word' id='word_1_186' title='bbox 624 3280 778 3364; x_wconf 90' lang='lat' dir='ltr'>quoniam</span> <span class='ocrx_word' id='word_1_187' title='bbox 802 3284 867 3344; x_wconf 83' lang='lat' dir='ltr'>AB</span> <span class='ocrx_word' id='word_1_188' title='bbox 892 3300 932 3343; x_wconf 85' lang='lat' dir='ltr'>ex</span> <span class='ocrx_word' id='word_1_189' title='bbox 951 3279 1078 3345; x_wconf 89' lang='lat' dir='ltr'>duobus</span> 
     </span>
     <span class='ocr_line' id='line_1_31' title="bbox 58 3384 1077 3469; baseline 0.001 -20"><span class='ocrx_word' id='word_1_190' title='bbox 58 3384 245 3450; x_wconf 89' lang='lat' dir='ltr'>nominibus</span> <span class='ocrx_word' id='word_1_191' title='bbox 273 3386 337 3468; x_wconf 84' lang='lat' dir='ltr'>eat,</span> <span class='ocrx_word' id='word_1_192' title='bbox 370 3387 443 3449; x_wconf 88' lang='grc' dir='ltr'>ΔΕ</span> <span class='ocrx_word' id='word_1_193' title='bbox 469 3405 508 3449; x_wconf 85' lang='lat' dir='ltr'>ex</span> <span class='ocrx_word' id='word_1_194' title='bbox 532 3385 661 3450; x_wconf 90' lang='lat' dir='ltr'>duobus</span> <span class='ocrx_word' id='word_1_195' title='bbox 684 3384 871 3450; x_wconf 90' lang='lat' dir='ltr'>nominibus</span> <span class='ocrx_word' id='word_1_196' title='bbox 896 3387 947 3449; x_wconf 86' lang='lat' dir='ltr'>est</span> <span class='ocrx_word' id='word_1_197' title='bbox 969 3386 1077 3469; x_wconf 86' lang='lat' dir='ltr'>prima</span> 
     </span>
     <span class='ocr_line' id='line_1_32' title="bbox 58 3489 1095 3576; baseline -0.01 -20"><span class='ocrx_word' id='word_1_198' title='bbox 58 3492 165 3576; x_wconf 88' lang='lat' dir='ltr'>[prop.</span> <span class='ocrx_word' id='word_1_199' title='bbox 178 3489 262 3572; x_wconf 85' lang='lat' dir='ltr'><strong>LXJ.</strong></span> <span class='ocrx_word' id='word_1_200' title='bbox 298 3491 333 3556; x_wconf 91' lang='lat' dir='ltr'>in</span> <span class='ocrx_word' id='word_1_201' title='bbox 357 3495 397 3555; x_wconf 92' lang='lat' dir='ltr'><em>H</em></span> <span class='ocrx_word' id='word_1_202' title='bbox 413 3491 449 3557; x_wconf 90' lang='lat' dir='ltr'>in</span> <span class='ocrx_word' id='word_1_203' title='bbox 472 3491 611 3558; x_wconf 90' lang='lat' dir='ltr'>nomina</span> <span class='ocrx_word' id='word_1_204' title='bbox 629 3491 812 3574; x_wconf 61' lang='lat' dir='ltr'>truttam,</span> <span class='ocrx_word' id='word_1_205' title='bbox 830 3494 868 3554; x_wconf 74' lang='lat' dir='ltr'>et</span> <span class='ocrx_word' id='word_1_206' title='bbox 888 3493 962 3552; x_wconf 69' lang='lat' dir='ltr'>AR</span> <span class='ocrx_word' id='word_1_207' title='bbox 977 3490 1095 3548; x_wconf 66' lang='lat' dir='ltr'>mam</span> 
     </span>
    </p>
   </div>
   <div class='ocr_carea' id='block_1_5' title="bbox 0 0 1194 3832">
    <p class='ocr_par' dir='ltr' id='par_1_15' title="bbox 0 0 1194 3832">
     <span class='ocr_line' id='line_1_33' title="bbox 0 0 1194 3832; baseline 0 0"><span class='ocrx_word' id='word_1_208' title='bbox 0 0 1194 3832; x_wconf 95' lang='lat' dir='ltr'> </span> 
     </span>
    </p>
   </div>
  </div>
 </body>
</html>
