2378 3832
113 159 178 224 318
499 159 700 212 Συουιωιιεα
719 154 745 212 ι’.

112 300 283 389 σύμμετρα
307 297 411 388 αὐτήν
435 304 573 388 διαιρεῖ,
601 297 621 387 ἡ
645 305 723 367 ΓΜ
745 297 810 387 άρα
833 302 892 385 τῆς
915 304 989 366 ΜΖ
1018 305 1130 386 μεῖζον

113 406 254 475 δύναται
278 412 322 498 τῷ
346 404 412 476 άπο
436 408 627 495 συμμέτρου
651 407 759 496 ἑαυτῇ.
800 406 856 474 καὶ
880 401 1044 492 οὐδετέρα
1062 416 1129 474 τῶν

112 519 195 598 ΓΜ,
214 522 286 582 ΜΖ
310 513 495 602 σύμμετρός
518 515 587 581 ἐστι
610 510 707 600 μήκει
729 522 769 602 τῇ
789 513 959 600 ἐκκειμένῃ
986 513 1071 601 ῥητῇ
1090 515 1129 601 τῇ

112 625 186 687 ΓΔ·
210 616 230 705 ή
256 617 320 708 άρα
344 625 405 687 ΓΖ
427 617 578 705 άποτομή
602 619 671 686 ἐστι
694 625 796 707 τρίτη.

76 751 92 800 5
182 724 227 793 Τὸ
250 724 316 811 άρα
339 724 404 794 άπὸ
428 728 529 812 μέσης
548 711 717 812 άποτομής
736 723 893 808 δευτέρας
911 721 1004 808 παρὰ
1024 723 1126 813 ῥητήν

111 830 411 921 παραβαλλόμενον
433 829 556 910 πλάτος
578 843 669 898 ποιεί
689 827 863 916 ἀποτομήν
885 834 1016 917 τρίτην·
1049 829 1126 919 ὅπερ

112 941 179 1006 ἔδει
203 939 317 1018 (λεῖξαι.

598 1094 641 1183 ρ’.

59 1352 92 1400 10
111 1355 232 1415 μενον
256 1326 401 1405 πλάτος
422 1339 531 1393 ποιεί
552 1322 755 1413 άποτομην
777 1326 979 1414 τετάρτην.

169 1433 277 1501 Ἔστω
302 1435 451 1501 ἐλάσσων
475 1430 495 1519 ή
515 1440 591 1518 ΑΒ,
615 1435 697 1519 ῥητὴ
718 1431 756 1500 δὲ
774 1429 794 1519 ή
815 1438 889 1517 ΓΔ,
912 1432 1039 1524 καὶτῷ
1062 1433 1121 1501 άπὸ

110 1545 168 1626 τῆς
191 1545 256 1607 ΑΒ
281 1547 356 1606 ίσου
379 1539 468 1626 παρὰ
493 1537 598 1624 ῥητήν
620 1536 682 1624 τήν
705 1544 773 1605 ΓΔ
795 1536 1066 1624 παραβεβλήσθω
1088 1539 1120 1606 τὸ

112 1652 176 1714 ΓΒ
197 1645 320 1724 πλάτος
341 1649 464 1712 ποιοῦν
484 1643 546 1730 τήν
560 1650 639 1711 ΓΖ·
664 1646 759 1730 λέγω,
785 1642 835 1711 ὅτι
854 1641 874 1730 ή
893 1649 955 1711 ΓΖ
974 1641 1122 1732 ἀποτομή

111 1755 179 1821 ἐστι
202 1751 349 1839 τετάρτη.

60 1881 91 1930 15
168 1857 277 1927 Ἔστω
301 1855 364 1943 γάρ
387 1861 427 1944 τή
452 1865 517 1924 AB
540 1855 818 1945 προσαρμόζουσα
841 1852 862 1942 ή
886 1862 968 1923 ΒΗ·
1003 1860 1043 1924 αί
1064 1855 1122 1943 άρα

113 1972 197 2050 ΑΗ,
221 1971 288 2033 ΗΒ
318 1966 458 2050 δυνάμει
486 1964 572 2031 είσλυ
596 1964 799 2051 ἀσύμμετροι
821 1966 979 2030 ποιοῦσαι
1003 1960 1043 2030 τὸ
1066 1962 1121 2050 μὲν

111 2076 330 2157 συγκείμενον
358 2071 393 2137 ἐκ
420 2073 488 2138 τῶν
516 2066 580 2136 άπὸ
610 2073 678 2136 τῶν
701 2076 788 2154 ΑΗ,
813 2075 880 2136 ΗΒ
905 2068 1123 2157 τετραγώνων

111 2175 228 2263 ῥητόν,
252 2179 288 2242 τὸ
314 2174 351 2243 δέ
374 2176 426 2255 δὶς
448 2173 514 2243 ὑπὸ
538 2185 605 2243 τῶν
633 2181 720 2260 AH,
745 2181 813 2242 ΗΒ
842 2176 954 2262 μέσον.
1001 2175 1122 2266 καὶτῷ

110 2281 172 2369 μὲν
196 2279 260 2348 άπὸ
284 2285 343 2367 τής
366 2288 438 2348 ΑΗ
461 2272 653 2369 ίσουπαρά
676 2285 739 2366 τήν
762 2287 831 2348 ΓΔ
854 2281 1123 2368 παραβεβλήσθω

56 2412 90 2461 20
108 2390 147 2455 τὸ
169 2395 230 2455 ΓΘ
257 2387 382 2466 πλάτος
411 2392 533 2455 ποιοῦν
561 2391 623 2474 τήν
645 2394 725 2474 ΓΚ,
757 2396 804 2476 τῷ
828 2386 866 2455 δὲ
888 2384 954 2453 άπὸ
977 2390 1038 2472 τής
1061 2391 1127 2454 ΒΗ

110 2503 185 2563 ίσον
207 2521 245 2564 το
268 2501 338 2562 ΚΛ
365 2492 489 2574 πλάτος
514 2498 637 2562 ποιοῦν
660 2491 722 2580 τήν
750 2499 839 2560 KM·
882 2493 964 2561 ὅλου
993 2490 1060 2581 άρα
1088 2490 1123 2559 τὸ

109 2608 167 2670 ΓΛ
192 2611 267 2670 ίσου
291 2598 361 2669 ἐστὶ
388 2613 458 2680 τοῖς
485 2597 550 2668 άπὸ
578 2604 647 2666 των
675 2605 757 2685 ΑΗ,
785 2605 858 2667 ΗΒ.
904 2604 964 2666 καί
989 2601 1059 2668 ἐστι
1088 2597 1123 2667 τὸ

109 2716 327 2803 συγκείμενον
351 2710 476 2776 ἐκτῶν
499 2702 563 2773 άπὸ
587 2709 655 2774 των
678 2711 757 2791 ΑΗ,
772 2711 843 2771 ΗΒ
867 2703 982 2790 ῥητόν·
1021 2703 1124 2792 ῥητὸν

109 2813 174 2897 άρα
198 2816 266 2882 ἐστὶ
289 2815 344 2881 καί
367 2813 405 2882 τὸ
429 2818 497 2881 ΓΛ.
531 2813 586 2879 καί
609 2805 699 2899 παρὰ
724 2809 829 2898 ῥητήν
853 2809 914 2897 τήν
937 2817 1002 2878 ΓΔ
1023 2810 1125 2900 παρά-

56 2942 90 2992 25
109 2944 212 2986 κειται
236 2919 359 2997 πλάτος
381 2922 503 2986 ποιοῦν
526 2916 588 3005 τήν
612 2924 696 2986 ΓΜ·
733 2917 816 3004 ῥητή
840 2918 906 3004 άρα
927 2917 983 2983 καὶ
1008 2915 1029 3004 ἡ
1054 2923 1129 2985 ΓΜ

108 3025 163 3091 καί
193 3025 378 3112 σύμμετρος
404 3029 443 3113 τῇ
473 3031 536 3091 ΓΛ
564 3024 668 3111 μήκει.
713 3025 769 3091 καί
798 3024 868 3092 ἐπεὶ
898 3021 979 3090 ὅλον
1002 3022 1041 3091 τὸ
1066 3028 1126 3091 ΓΛ

109 3140 186 3198 ίσον
205 3131 272 3198 ἐστὶ
291 3144 361 3209 τοῖς
380 3127 443 3199 άπο
460 3142 529 3199 τῶν
552 3138 630 3218 ΑΗ,
645 3137 724 3218 ΗΒ,
750 3122 798 3206 ὧν
816 3129 853 3199 τὸ
873 3137 939 3198 ΓΕ
960 3136 1037 3197 ἴσον
1056 3126 1125 3196 ἐστί

182 3367 204 3416 1.
224 3357 330 3432 σάμμετ
315 3361 428 3446 τρονΡ.
501 3364 572 3434 MZ]
592 3367 653 3417 ZM
669 3363 699 3416 P.
768 3368 791 3416 3.
813 3359 907 3449 μήκει]
929 3376 981 3415 om.
1002 3361 1028 3414 b.
1099 3366 1122 3414 4.

105 3430 230 3490 έστινΡ.
287 3437 311 3489 6.
331 3427 518 3562 τόηῑοοιτ.
487 3450 575 3505 exup
594 3452 631 3488 m.
652 3434 717 3488 ΒΓ.
773 3428 847 3503 άπό]
867 3451 903 3486 m.
924 3430 989 3485 26.
1045 3427 1122 3498 παρὰ

94 3502 277 3582 ρί’.ητην]ω]3
289 3527 327 3564 m.
340 3511 356 3563 2
460 3512 484 3564 ὃ.
504 3489 576 3577 ὅπερ
593 3503 653 3560 ’δτι
668 3504 775 3573 δεῖξαιΧ
790 3521 845 3558 σου
854 3501 971 3568 wsb
987 3518 1079 3571 comp.
1093 3500 1122 3555 P.
