2378 3832
95 131 161 195 406

578 311 629 375 26.

158 448 201 517 Ἡ
231 455 275 539 τή
309 448 402 536 μετὰ
431 451 552 537 ῥητοῦ
580 450 703 537 μέσον
735 451 777 515 τὸ
811 445 906 516 ὅλον
938 445 1112 533 ποιούσῃ

98 556 317 645 σύμμετρος
339 555 433 643 μετὰ
457 559 579 642 ῥητοῦ
603 556 724 642 μέσον
747 553 788 622 τὸ
819 555 913 622 ὅλον
936 551 1112 621 ποιοῦσα

98 666 214 732 ἐστιν.

155 769 263 838 Ἔστω
291 768 371 856 μετὰ
400 771 504 856 ῥητοῦ
534 771 635 855 μέσον
667 767 705 837 τὸ
735 767 816 836 ὅλον
843 772 989 836 ποιοῦσα
1017 764 1037 854 ή
1064 770 1113 853 Ἀ,

63 875 284 964 σσῦμμετρος
307 873 344 944 δὲ
367 874 449 965 αῦτή
473 873 493 962 ή
517 884 559 944 Β·
596 877 697 961 λέγω,
726 874 776 943 ὅτι
801 873 822 961 ή
846 882 874 942 Β
902 872 984 960 μετὰ
1007 877 1115 961 ῥητοῦ

97 985 200 1069 μέσον
219 980 257 1050 τό
282 981 363 1050 ὅλον
386 981 530 1050 ποιοῦσά
554 984 653 1051 ἐστιν.

161 1087 341 1158 Ἐκκείσθω
361 1087 443 1177 ῥητή
463 1087 483 1176 ή
502 1095 575 1175 ΓΔ,
597 1090 654 1156 καὶ
676 1092 721 1181 τῷ
743 1087 804 1175 μὲν
824 1086 890 1156 ἀπὸ
908 1093 966 1175 τής
984 1096 1016 1155 Α
1036 1096 1116 1155 ίσον

98 1194 187 1282 παρὰ
215 1199 277 1282 τήν
300 1201 363 1263 ΓΔ
389 1194 658 1283 παραβεβλήσθω
685 1193 724 1262 τὸ
748 1200 813 1262 ΓΕ
838 1192 961 1273 πλάτος
988 1196 1114 1260 ποιοῦν

97 1300 159 1388 τήν
175 1308 248 1370 ΓΖ·
272 1300 422 1388 ἀποτομή
442 1300 507 1387 ἄρα
531 1301 600 1369 ἐστὶ
622 1303 751 1387 πέμπτη
775 1298 796 1387 ή
817 1306 885 1369 ΓΖ.
923 1304 967 1392 τῷ
989 1296 1025 1365 δὲ
1046 1297 1115 1366 ἀπὸ

48 1434 80 1482 10
99 1412 156 1494 τής
170 1416 199 1476 Β
218 1417 294 1477 ίσον
307 1405 397 1493 παρὰ
412 1406 473 1492 τήν
489 1415 553 1474 ΖΕ
569 1407 837 1493 παραβεβλήσθω
851 1408 890 1474 τὸ
907 1412 979 1473 ΖΗ
989 1404 1117 1483 πλάτος

99 1518 221 1581 ποιοῦν
243 1513 305 1601 τήν
330 1520 399 1581 ΖΘ.
437 1515 506 1581 ἐπεὶ
530 1507 593 1582 οῦν
616 1513 802 1601 σύμμετρός
821 1515 911 1581 ἐστιν
930 1510 998 1600 ήΑ
1016 1515 1058 1600 τῇ
1072 1519 1115 1596 Β,

100 1618 290 1708 σύμμετρόν
310 1622 379 1688 ἐστι
396 1620 453 1688 καὶ
470 1620 508 1688 τὸ
528 1616 593 1687 ἀπὸ
610 1624 669 1706 τῆς
682 1629 714 1687 A
732 1631 777 1712 τῷ
797 1618 862 1688 ἀπὸ
881 1624 939 1706 τής
953 1626 989 1688 Β.
1028 1615 1115 1686 ἀλλὰ

99 1737 144 1818 τῷ
173 1726 234 1813 μὲν
262 1725 327 1794 ἀπὸ
354 1730 414 1812 τής
435 1737 468 1794 Α
495 1735 571 1795 ίσον
598 1726 636 1794 τὸ
660 1733 737 1812 ΓΕ,
770 1731 816 1815 τῷ
845 1726 883 1794 δὲ
910 1724 976 1794 ἀπὸ
1003 1730 1063 1813 τής
1087 1733 1117 1793 Β

101 1841 176 1901 ίσον
200 1831 237 1901 τὸ
261 1840 341 1900 ΖΗ·
381 1833 570 1921 σύμμετρον
603 1833 669 1919 ἄρα
701 1834 770 1900 ἐστὶ
798 1831 835 1901 τὸ
863 1840 928 1901 ΓΕ
957 1843 1003 1924 τῷ
1033 1839 1116 1930 Ζῌ·

50 1964 81 2013 15
101 1940 287 2029 σύμμετρος
310 1938 375 2027 ὅρα
397 1939 453 2007 καὶ
476 1936 496 2027 ή
521 1945 582 2007 ΓΖ
605 1944 644 2029 τή
668 1947 729 2007 ΖΘ
752 1939 856 2026 μήκει.
902 1936 1052 2025 ἀποτομή
1079 1937 1118 2006 δέ

101 2047 228 2133 πέμπτη
252 2044 273 2132 ή
296 2051 370 2113 ΓΖ·
408 2045 557 2133 ἀποτομή
586 2045 652 2135 ὅρα
679 2046 749 2114 ἐστὶ
770 2047 898 2132 πέμπτη
921 2044 977 2112 καί
1000 2042 1021 2129 ή
1045 2051 1118 2112 ΖΘ.

102 2152 184 2240 ῥητή
209 2153 246 2220 δὲ
269 2151 290 2238 ή
315 2160 390 2221 ΖΕ·
422 2152 481 2221 ἐὰν
506 2153 543 2222 δέ
565 2159 690 2241 χωρίον
712 2155 901 2240 περιέχηται
923 2148 989 2218 ὑπὸ
1014 2152 1120 2238 ῥητῆς

102 2258 157 2325 καὶ
185 2256 354 2345 ἀποτομῆς
380 2261 541 2346 πέμπτης,
573 2257 594 2346 ή
621 2257 659 2327 τὸ
688 2264 813 2347 χωρίον
837 2258 1009 2345 δυναμένη
1033 2256 1117 2344 μετὰ

102 2367 207 2452 ῥητοῦ
235 2366 339 2452 μέσον
368 2363 405 2432 τὸ
436 2363 517 2435 ὅλον
539 2364 683 2434 ποιοῦσά
707 2368 806 2433 έστιν.
852 2364 993 2432 θῦναται
1018 2362 1057 2431 δὲ
1082 2361 1119 2431 τὸ

50 2494 84 2545 20
105 2478 176 2538 ΖΗ
192 2469 212 2558 ή
236 2479 277 2539 Β·
306 2468 326 2559 ή
348 2480 376 2540 Β
395 2471 461 2559 ὅρα
483 2469 505 2558 ή
531 2471 610 2558 μετὰ
636 2473 739 2558 ῥητοῦ
758 2472 861 2558 μέσον
879 2468 917 2537 τὸ
938 2467 1021 2538 ὅλον
1044 2492 1118 2537 ποι·

104 2577 190 2646 οῦσοί
215 2579 319 2646 ἐστιν·
348 2576 429 2667 ὅπερ
453 2582 521 2646 ἔδει
545 2581 658 2659 δεῖξαι.

176 2760 218 2808 26.
238 2753 303 2808 Alia
321 2756 471 2810 demonstr.
491 2773 569 2824 prop.
591 2760 655 2824 106,
678 2756 744 2824 post
766 2772 807 2808 nr.
826 2759 860 2807 25
884 2749 978 2821 PFV,
1002 2770 1059 2822 mg.
1081 2771 1120 2806 m.

106 2829 119 2875 1
140 2824 166 2891 b,
185 2842 220 2879 m.
241 2831 256 2878 2
275 2826 307 2891 Β,
326 2827 356 2880 in
374 2824 400 2878 V
419 2826 505 2882 etiam
524 2826 560 2880 ad
577 2842 657 2895 prop.
678 2831 729 2879 106
747 2841 804 2894 mg.
823 2842 860 2878 m.
881 2829 895 2878 1
916 2822 983 2892 (V2).

178 2990 200 3041 1.
225 2980 314 3046 ἄλλως
337 2980 368 3039 τὰ
394 2979 437 3054 ρξ’
457 2985 508 3055 V„
532 2980 590 3054 ριη’
609 2984 669 3052 Fb,
693 2980 755 3050 ριθ’
775 2982 807 3037 Β.
886 2978 903 3048 ή
925 3013 957 3022 -
978 2987 1002 3035 3.
1028 2978 1121 3054 ἐστιν]

106 3071 160 3109 om.
179 3057 226 3126 ὅς.
291 3061 316 3110 2.
335 3055 409 3109 Anbe
428 3052 498 3124 μετά
517 3055 582 3109 add.
600 3053 649 3109 καὶ
668 3050 740 3122 αῦτή
760 3072 796 3110 m.
812 3059 827 3106 2
843 3053 875 3122 F,
894 3051 942 3106 καὶ
960 3047 1032 3120 αῦτή
1053 3049 1072 3121 ἡ
1092 3052 1123 3121 b,

105 3121 172 3193 ήΓ.
246 3131 271 3180 4.
292 3124 360 3180 έστω
380 3123 398 3193 ή
417 3125 543 3181 BFbV.
608 3131 633 3180 6.
652 3125 702 3181 καὶ
719 3125 752 3196 τή
774 3131 795 3178 A
814 3118 971 3194 σῦμμετρος
989 3117 1007 3190 ή
1028 3128 1050 3176 Β
1071 3122 1123 3178 V.

141 3194 211 3266 λέγω
232 3228 264 3236 -
285 3203 309 3251 6.
335 3192 426 3267 ἐστιν]
450 3164 572 3267 mg.V2.
664 3203 688 3252 5.
716 3194 775 3265 ήΒ
817 3211 901 3264 supra
924 3212 976 3250 scr.
995 3211 1032 3248 m.
1054 3200 1069 3247 1
1090 3163 1124 3248 ὅ.

143 3275 166 3322 9.
188 3264 263 3320 ἐστίν
282 3267 312 3323 Ρ.
371 3264 482 3335 πέμπτη
502 3263 577 3321 ἐστίν
595 3265 624 3322 F.
698 3273 739 3322 12.
760 3272 781 3320 Β
815 3271 866 3319 ΒΔ
885 3286 914 3334 φ.
989 3270 1031 3318 13.
1054 3267 1124 3337 ΓΕ]

100 3355 171 3394 corr.
193 3355 226 3394 ex
247 3341 300 3394 ΖΕ
319 3337 353 3410 V,
373 3341 425 3394 ZE
444 3339 470 3393 b.
528 3344 568 3392 15.
588 3337 653 3418 καί]
674 3333 732 3392 ἐστὶ
747 3339 799 3391 καί
814 3334 882 3424 Vm
916 3334 980 3458 ΖΘρ
1000 3351 1071 3421 ορττ.
1089 3353 1126 3391 ex

87 3413 149 3465 ΓΘ
175 3411 201 3482 V,
223 3416 283 3471 ΓΘ
300 3412 333 3470 Ρ.
398 3417 441 3470 16.
460 3407 811 3502 πέμπτηήλρττοεήοωὼ.
868 3408 902 3477 n]
920 3403 1028 3471 ἐστνη
1048 3405 1125 3478 bV,.

114 3489 163 3542 17.
184 3483 280 3560 ῥητόν
299 3489 335 3550 Ρ,
416 3483 488 3563 ῥητὴ
511 3487 543 3545 δὲ
565 3505 586 3557 η
603 3482 680 3554 'LEX
695 3478 818 3548 (mm.
887 3481 935 3528 Ἡ.
948 3473 1130 3546 ὅστῦἷὸὶῖίᾋ
