2378 3832
115 160 180 223 134
500 161 700 213 Συουιυαεα
720 155 746 214 ι’.

179 307 222 371 Εί
240 301 303 389 γὰρ
323 300 483 387 δυνατόν,
504 301 678 390 διῃρήσθω
697 299 833 369 κατὰτὸ
854 308 897 384 Δ,
920 297 1005 368 δι’στε
1026 301 1129 369 πάλιν

114 407 272 494 δηλονότι
295 407 358 495 τὴν
381 414 452 476 ΑΓ
470 413 509 496 τῇ
534 415 601 475 ΛΒ
625 406 669 494 μὴ
699 405 785 475 εἶναι
810 405 872 493 τήν
896 402 1020 492 αὐτήν,
1043 403 1129 475 ἄλλα

112 520 246 601 μείζονα
273 513 349 583 καθ’
380 513 549 583 ὑπόθεσιν
575 513 637 601 τήν
665 524 696 581 Α
702 520 744 598 Γ,
771 513 827 580 καὶ
854 513 1016 585 ἐκκείσθω
1045 512 1128 601 ῥητή

112 621 133 708 ἡ
159 630 232 708 ΕΖ,
254 623 310 690 καὶ
333 622 602 710 παραβεβλήσθω
626 621 714 707 καρὰ
738 619 800 707 τὴν
816 627 875 687 ΕΖ
889 633 959 698 τοῖς
981 619 1045 706 μέν
1063 619 1128 690 ἀπὸ

76 732 180 799 ὅτων
202 736 282 815 ΑΓ,
305 735 365 796 ΓΒ
390 735 466 795 ίσον
493 726 530 796 τὸ
552 735 635 813 ΕΗ,
666 731 711 819 τῷ
736 726 773 794 δὲ
798 727 849 806 δὶς
871 724 937 794 ὑπὸ
961 731 1032 795 τῶν
1055 736 1127 812 ΑΓ,

114 841 175 903 ΓΒ
195 843 271 903 ίσον
289 833 326 902 τὸ
346 842 425 902 ΘΚ·
463 833 544 902 ὅλον
568 832 633 923 ἄρα
655 830 693 902 τὸ
713 840 782 900 ΕΚ
804 841 881 900 ἴσον
904 833 973 900 ἐστὶ
995 839 1042 928 τῷ
1062 834 1123 906 ἀπὸ

110 944 170 1027 τῆς
196 948 261 1008 ΑΒ
288 944 491 1031 τετραγώνῳ.
535 940 637 1008 πάλιν
667 938 708 1027 δή
738 938 1008 1026 παραβεβλήσθω
1039 948 1127 1031 παρὰ

111 1045 174 1133 τήν
197 1054 260 1113 ΕΖ
282 1059 352 1126 τοῖς
374 1045 439 1114 ἀπὸ
464 1051 532 1115 τῶν
551 1055 632 1131 ΑΛ,
651 1053 719 1114 ΔΒ
739 1055 814 1113 ἴσον
833 1042 870 1113 τὸ
890 1053 970 1113 ΕΛ·
1007 1050 1128 1120 λοιιτδν

111 1150 178 1240 ἄρα
207 1151 244 1220 τὸ
275 1153 327 1231 δὶς
353 1150 418 1221 ὑπὸ
447 1165 515 1221 τῶν
540 1163 625 1239 ΑΔ,
650 1161 716 1221 ΑΒ
745 1163 850 1245 λοιτιςό
878 1157 924 1243 τῷ
949 1162 1030 1223 MK
1052 1165 1128 1227 ἴσον

61 1280 94 1328 10
113 1261 212 1327 ἐστίν.
260 1259 315 1326 καὶ
345 1262 414 1328 ἐπεὶ
442 1262 546 1346 μέσον
573 1259 745 1329 ὑπόκειται
772 1259 809 1327 τὸ
843 1266 1064 1347 συγκείμενον
1094 1267 1129 1333 ἐκ

111 1369 179 1431 τῶν
207 1361 273 1432 ἀπὸ
300 1376 368 1433 τῶν
392 1372 466 1451 ΑΓ,
491 1372 563 1451 ΓΒ,
586 1368 689 1452 μέσον
718 1364 784 1452 ἄρα
812 1365 882 1433 ἐστὶ
909 1366 965 1432 καὶ
987 1366 1025 1437 τὸ
1049 1377 1130 1439 ΕΗ.

110 1472 166 1538 καὶ
189 1469 278 1559 παρὰ
300 1471 406 1559 ῥητήν
428 1471 489 1559 τήν
514 1480 576 1540 ΕΖ
599 1470 806 1557 παράκειται·
837 1471 920 1559 ῥητή
945 1471 1011 1562 ἄρα
1034 1476 1130 1546 ἐστὶν

110 1575 132 1664 ή
156 1585 221 1646 ΘΕ
241 1581 295 1646 καὶ
319 1578 527 1668 ἀσύμμετρος
550 1583 589 1667 τῇ
613 1585 675 1645 ΕΖ
698 1579 804 1665 μήκει.
841 1575 899 1646 διὰ
917 1577 958 1647 τδι
979 1579 1066 1650 αὐτὰ
1087 1566 1129 1672 δή

111 1686 165 1752 καὶ
194 1682 214 1772 ἡ
243 1692 315 1753 ΘΝ
334 1685 416 1772 ῥητή
445 1688 514 1753 ἐστι
542 1686 598 1752 καὶ
626 1683 835 1774 ἀσύμμετρος
863 1689 904 1773 τή
932 1692 995 1754 ΕΖ
1023 1691 1130 1777 μήκει

59 1813 91 1862 16
109 1792 165 1858 καὶ
189 1793 258 1859 ἐπεὶ
281 1788 491 1880 ἀσύμμετρόν
516 1795 583 1860 ἐστι
606 1790 643 1860 τὸ
669 1798 887 1879 συγκείμενον
911 1794 1037 1862 ἐκτῶν
1060 1793 1126 1865 ἀπὸ

111 1902 178 1966 τῶν
202 1904 278 1984 ΑΓ,
301 1904 362 1966 ΓΒ
385 1903 430 1991 τῷ
456 1899 508 1978 δίς
535 1896 600 1967 ὑπὸ
625 1909 693 1966 τιόν
717 1905 792 1984 ΑΓ,
816 1900 973 1984 Quat
995 1899 1033 1969 τὸ
1060 1910 1131 1970 ΕΗ

111 2002 177 2090 ἄρα
205 2014 250 2095 τῷ
278 2011 355 2071 ΗΝ
378 2003 591 2094 ἀσύμμετρόν
618 2007 722 2073 ἐστιν·
761 2003 844 2074 ὥστε
871 2006 927 2073 καὶ
954 2003 975 2092 ή
1000 2014 1065 2075 ΕΘ
1088 2019 1128 2098 τη·

112 2115 184 2175 ΘΝ
206 2109 417 2198 ἀσύμμετρός
439 2114 539 2178 ἐστιν.
586 2117 645 2178 καί
665 2116 729 2180 είσι
753 2114 863 2198 ῥηταί·
901 2115 939 2180 αἱ
958 2120 1035 2201 ΕΘ,
1060 2121 1133 2183 ΘΝ

111 2213 178 2302 ι’ἶρα
201 2217 302 2301 ῥηταί
321 2220 386 2282 είσι
410 2216 551 2303 δυνάμει
575 2218 683 2304 μόνον
707 2218 903 2307 σύμμετροι·
934 2217 954 2306 ἡ
974 2226 1049 2288 ΕΝ
1063 2219 1130 2309 ἄρα

58 2345 92 2392 20
113 2320 235 2388 ἐκδύο
260 2317 437 2408 ὀνομάτων
461 2323 529 2390 ἐστὶ
554 2326 737 2412 διῃρημένη
761 2329 844 2393 κατὰ
868 2324 906 2393 τὸ
931 2332 968 2395 Θ.
1005 2323 1132 2412 ὁμοίως

113 2424 154 2513 δή
184 2428 347 2513 δείξομεν,
376 2424 427 2495 ὅτι
454 2430 510 2496 καὶ
536 2428 620 2497 κατὰ
646 2429 684 2500 τδ
713 2437 757 2497 Μ
777 2430 940 2518 διήρηται.
980 2431 1037 2499 καὶ
1067 2431 1133 2501 οὐκ

112 2538 202 2602 ἔστιν
229 2530 250 2619 ή
275 2540 338 2600 ΕΘ
361 2537 401 2622 τή
426 2533 548 2621 ΜΝή
573 2532 670 2622 αὐτή·
706 2533 727 2622 ή
756 2534 821 2624 ἄρα
850 2541 885 2605 ἐκ
913 2537 976 2605 δύο
1006 2535 1132 2625 ὀνομά-

111 2665 179 2708 των
202 2637 269 2706 κατ’
296 2637 377 2707 ἄλλο
400 2641 455 2707 καὶ
479 2638 560 2709 ἄλλο
584 2655 723 2728 σημεῖον
747 2641 915 2731 διήρηται·
935 2641 1015 2731 ὅπερ
1037 2645 1132 2712 ἐστίν

112 2743 246 2813 ἄτοπον.
280 2743 341 2813 οὐκ
364 2746 431 2832 ἄρα
454 2745 474 2833 ἡ
499 2748 561 2815 δύο
584 2749 668 2835 μέσα
692 2751 863 2836 δυναμένη
882 2747 950 2816 κατ’
970 2748 1054 2818 ἄλλο
1073 2751 1131 2817 καὶ

58 2873 92 2922 25
111 2848 193 2918 ἄλλο
218 2865 356 2937 σημεῖον
380 2857 569 2941 διαιρεῖται·
592 2851 667 2921 καθ’
689 2857 726 2922 ἓν
749 2852 816 2941 ἄρα
834 2855 942 2941 μόνον
959 2860 1130 2943 [σημεῖον]

112 2960 297 3045 διαιρεῖται.

185 3087 207 3136 1.
228 3081 276 3136 καλ
294 3079 367 3137 κατά
386 3084 420 3138 V.
492 3091 517 3141 3.
541 3086 647 3139 κείσθω
670 3084 700 3140 Ρ.
774 3092 798 3140 6.
823 3085 895 3156 ΕΚ]
922 3104 991 3142 corr.
1011 3102 1047 3141 ex
1073 3090 1133 3143 ΘΚ

112 3152 233 3207 m.2P.
299 3160 340 3209 10.
361 3150 421 3208 ἐστι
440 3154 508 3222 BV,
532 3171 622 3224 comp.
642 3154 696 3208 Fb.
769 3162 810 3210 13.
832 3158 899 3228 ΘΕ]
919 3159 975 3212 ΕΘ
992 3158 1024 3213 Ρ.
1087 3165 1129 3214 14.

114 3219 189 3278 ἐστιν
209 3224 239 3280 Ρ.
314 3230 357 3280 15.
380 3222 412 3280 τό
433 3257 466 3266 -—
488 3231 529 3281 16.
552 3227 590 3280 τῶ
626 3226 656 3280 in
679 3243 788 3282 mm.
810 3233 823 3280 1
844 3227 873 3282 F.
948 3233 990 3283 16.
1014 3229 1053 3282 τω
1091 3230 1130 3283 τῶ

113 3296 287 3370 συγκειμένῳ
307 3291 338 3350 ἐκ
357 3297 413 3350 τῶν
432 3298 494 3367 (τοῦ
513 3298 545 3366 F)
565 3227 618 3351 έδί

112 3365 143 3419 in
161 3382 215 3421 ras.
236 3367 267 3423 F.
333 3367 396 3438 ΓΒ]
418 3365 483 3422 ΒΓ’
503 3368 533 3423 F.
593 3371 655 3422 EN
674 3367 701 3422 b.
764 3375 805 3423 17.
823 3371 892 3441 αρα]
914 3387 967 3424 om.
987 3368 1020 3425 V.
1076 3371 1114 3444 τῷ

112 3437 450 3494 mut,invo3vm.2V.
525 3437 605 3508 HN]
630 3441 689 3494 ΘΚ
709 3438 797 3505 BFb,
826 3436 1010 3508 &MoaV.
1085 3447 1129 3496 18.

96 3502 196 3578 ἔστιν]
211 3527 304 3580 comp.
325 3508 379 3580 Fb,
402 3506 461 3567 ἐστι
481 3508 569 3584 μήκει
585 3509 621 3566 V.
696 3509 765 3565 εἰσιν
782 3509 847 3566 PB.
917 3517 961 3565 m.
978 3509 1050 3567 εἰσιν
1068 3510 1128 3565 ΡΒ.

624 3298 651 3351 b.
720 3298 774 3368 δίς]
791 3313 876 3386 sagra
894 3316 945 3353 scr.
965 3300 996 3354 F.
1035 3283 1118 3354 ὐττέ
