2378 3832
113 161 178 226 336
499 163 699 217 ωνοοωσω
718 159 745 218 ι’.
852 133 855 137 ’

114 300 159 383 ὡς
182 303 219 372 δὲ
242 301 263 390 ἡ
286 310 348 374 ΓΖ
375 301 458 392 πρὸς
485 302 547 390 τὴν
576 310 657 388 ΖΔ,
690 301 797 383 οὕτως
822 303 861 372 ’τὸ
891 300 956 372 άπὸ
986 309 1046 391 τῆς
1068 311 1128 374 ΓΖ

113 408 196 495 πρὸς
218 409 256 478 τὸ
279 409 344 479 ὑπὸ
363 415 432 478 τῶν
455 416 525 498 ΓΖ,
546 415 637 495 ΖΛ],
661 415 751 478 ἔστιν
774 408 841 497 άοοι
864 410 918 478 καὶ
943 408 989 491 ὡς
1005 409 1045 479 τὸ
1065 408 1128 480 άπο

113 520 171 602 τῆς
192 524 262 584 ΑΕ
287 515 371 604 πρὸς
392 515 430 585 τὸ
457 514 523 585 ὑπὸ
550 520 618 584 τῶν
646 524 727 600 ΑΕ,
750 523 829 603 ΕΒ,
863 515 970 597 οὕτως
996 515 1035 585 τὸ
1064 517 1127 585 άπὸ

112 626 172 708 τῆς
194 628 255 690 ΓΖ
277 622 361 711 πρὸς
382 622 420 691 τὸ
443 619 510 691 ὑπὸ
534 626 603 690 τῶν
626 628 705 707 ΓΖ,
730 630 796 692 ΖΔ
825 623 896 713 [ναὶ
920 621 1061 704 ἐναλλὰξ
1084 620 1129 703 ὡς

79 726 151 801 στὸ
174 725 240 796 άπὸ
263 733 323 816 τῆς
346 737 414 795 ΑΕ
434 727 519 815 πρὸς
540 727 578 797 τὸ
602 725 668 797 άπὸ
692 732 750 815 τῆς
772 735 844 814 ΓΖ,
871 726 977 809 οὕτως
999 727 1038 797 τὸ
1062 726 1128 797 ὑπὸ

112 838 181 902 τῶν
204 842 282 920 ΑΕ,
301 842 364 902 ΕΒ
387 832 471 921 πρὸς
490 834 528 903 τὸ
547 833 612 902 ὑπὸ
630 839 699 902 τῶν
717 840 792 920 ΓΖ,
811 840 900 919 ΖΔ].
938 835 1129 922 σύμμετρον

114 941 152 1009 δὲ
174 941 212 1011 τὸ
236 938 301 1011 ἀπὸ
324 947 382 1029 τῆς
405 950 474 1010 ΑΕ
500 947 544 1034 τῷ
569 939 634 1010 άπὸ
657 946 715 1029 τῆς
737 949 811 1010 ΓΖ·
850 942 1040 1029 σύμμετρον
1063 941 1131 1028 άροι

115 1049 182 1116 ἐστὶ
205 1048 261 1116 καὶ
284 1047 322 1116 τὸ
345 1046 412 1116 ὑπὸ
435 1045 503 1115 νῶν
527 1056 600 1139 ᾼΕ,
623 1055 684 1116 ΕΒ
708 1052 754 1141 τῷ
777 1047 844 1116 ὑπὸ
868 1052 936 1116 τάν
960 1054 1034 1134 ΓΖ,
1054 1055 1131 1116 ΖΔ.

114 1161 178 1221 εἴτε
202 1147 265 1222 οὗν
284 1154 388 1243 ῥητόν
407 1157 476 1223 ἐστι
495 1152 531 1222 τὸ
551 1152 617 1222 ὑπὸ
636 1159 703 1222 τῶν
723 1163 799 1241 ΑΕ,
816 1162 890 1240 ΕΒ,
914 1152 1018 1241 ῥητὸν
1037 1159 1129 1222 ἔσται

63 1285 95 1335 10
113 1260 167 1327 καλ
195 1262 233 1329 τὸ
260 1258 327 1330 ὑπὸ
355 1265 424 1330 τῶν
449 1267 523 1346 ΓΖ,
547 1269 628 1346 ΖΔ,
657 1269 722 1329 εἴτε
749 1261 852 1348 μέσον
877 1261 975 1345 [ἐστὶ]
999 1260 1037 1329 τὸ
1062 1259 1130 1329 ὑπὸ

112 1375 180 1434 τῶν
204 1374 281 1451 ΑΕ,
302 1373 376 1451 ΕΒ,
400 1368 504 1453 μέσον
523 1367 620 1451 [ἐστὶ]
643 1367 699 1434 καὶ
722 1369 760 1435 τὸ
783 1365 848 1434 ὑπὸ
873 1370 941 1433 τῶν
959 1373 1032 1453 ΓΖ,
1052 1374 1129 1436 ΖΔ.

180 1473 297 1558 Μέσης
319 1470 385 1560 ἄρα
408 1470 560 1561 ἀποτομή
582 1475 673 1541 ἐστιν
700 1471 721 1560 ἡ
744 1480 812 1566 ΓΔ
838 1475 893 1542 κοιλ
921 1477 961 1562 τῇ
988 1475 1077 1554 τάξει
1109 1470 1129 1560 ἡ

114 1575 196 1665 αὐτὴ
220 1582 260 1666 τῇ
285 1585 364 1647 ΑΒ
392 1577 474 1666 ὅπερ
497 1584 565 1648 ἔδει
589 1582 702 1662 δεῖξαι.

591 1784 650 1844 οε.

63 1905 95 1953 15
175 1877 220 1949 Ἡ
237 1885 282 1970 τῇ
307 1879 499 1949 ἐλάσσονι
524 1880 745 1970 σύμμετρος
768 1881 947 1951 ἐλάσσων
971 1883 1092 1951 ἐστίν.

171 1985 279 2055 Ἔστω
302 1985 366 2075 γάρ
390 1987 540 2055 ἐλάσσων
563 1984 584 2073 ἡ
608 1994 674 2055 ΑΒ
701 1988 757 2056 καὶ
784 1991 823 2076 τῇ
847 1996 879 2055 Α
885 1995 915 2057 Β
941 1988 1129 2076 σύμμετρος

113 2090 233 2179 ἡΓΔ·
261 2093 358 2179 λέγω,
382 2090 432 2160 ὅτι
455 2093 510 2160 καὶ
534 2090 555 2179 ἡ
579 2098 641 2160 ΓΛ
663 2093 815 2162 ἐλάσσων
838 2096 936 2165 ἐστί.

180 2199 351 2284 Γεγονέτω
369 2199 432 2285 γάρ
451 2198 491 2266 τά
515 2198 613 2268 αὐτά·
649 2201 705 2267 καὶ
729 2201 798 2268 ἐπεὶ
822 2203 859 2267 αλ
881 2208 961 2285 ΑΕ,
983 2208 1046 2268 ΕΒ
1072 2206 1129 2269 ὃν·

114 2303 213 2390 νάμει
237 2305 323 2375 ελσλν
346 2301 561 2394 ἀσύμμετροι,
584 2305 639 2373 καὶ
664 2308 701 2372 αλ
717 2311 788 2391 ΓΖ,
809 2314 876 2373 ΖΔ
899 2305 964 2396 άροε
985 2307 1128 2394 δυνάμει

61 2434 96 2483 20
114 2410 201 2478 εἰσὶν
223 2408 437 2499 ἀσύμμετροι.
474 2413 543 2481 ἐπεὶ
567 2439 630 2480 ονν
654 2415 744 2481 ἐστιν
768 2409 813 2491 ὡς
831 2410 852 2499 ἡ
871 2420 904 2479 Α
910 2420 940 2479 Ε
961 2411 1045 2500 πρὸς
1065 2411 1129 2500 τὴν

114 2523 189 2602 ΕΒ,
214 2518 321 2597 οὕτως
342 2515 363 2604 ἡ
387 2524 449 2586 ΓΖ
467 2520 551 2605 πρὸς
573 2516 635 2604 τὴν
654 2525 731 2603 ΖΔ,
756 2522 846 2586 ἔστιν
867 2516 933 2607 άρο
950 2519 1006 2586 καὶ
1025 2517 1072 2600 ὡς
1090 2518 1129 2588 τὸ

114 2622 178 2690 άπὸ
202 2627 260 2711 τῆς
279 2632 347 2692 ΑΕ
367 2622 451 2710 πρὸς
473 2622 510 2692 τὸ
536 2623 600 2692 ἀπὸ
624 2629 682 2710 τῆς
701 2631 773 2711 ΕΒ,
797 2621 904 2703 οὕτως
925 2622 963 2692 τὸ
982 2624 1049 2693 άπὸ
1069 2630 1130 2713 τῆς

114 2735 173 2796 ΓΖ
197 2728 280 2816 πρὸς
302 2729 340 2798 τὸ
365 2726 429 2798 άπὲ
449 2733 508 2817 τῆς
527 2737 601 2798 ΖΔ.
634 2733 796 2800 συνθέντι
820 2729 885 2818 άρα
908 2731 999 2800 ἐστὶν
1023 2729 1068 2812 ὡς
1087 2732 1129 2801 τὰ

114 2834 179 2911 άπὸ
203 2840 271 2903 τῶν
295 2843 375 2921 ΑΕ,
400 2842 462 2903 ΕΒ
490 2834 573 2921 πρὸς
600 2833 638 2904 τὸ
666 2834 732 2904 άπὸ
761 2841 819 2923 τῆς
843 2845 922 2922 ΕΒ,
956 2834 1063 2918 οὕτως
1087 2838 1128 2905 τὰ

61 2963 95 3012 25
115 2938 179 3007 άπὸ
199 2944 266 3007 τάν
286 2946 356 3024 ΓΖ,
372 2948 440 3007 ΖΔ
461 2940 543 3026 πρὸς
565 2940 603 3009 τὸ
627 2937 692 3009 άπὸ
711 2945 768 3027 τῆς
783 2949 848 3008 ΖΛ
869 2944 936 3026 [καὶ
956 2943 1128 3028 έναλλάξ]·

131 3085 327 3092 .-..-.--,-«-.--.

188 3157 211 3206 1,
232 3152 294 3222 ΓΖ]
310 3153 381 3221 (alt.)
400 3157 454 3208 ΖΓ
470 3155 499 3211 Β.
573 3161 598 3209 2.
617 3150 668 3226 ὡς]
687 3171 741 3209 om.
756 3175 786 3223 φ.
859 3161 884 3210 4.
903 3156 956 3209 καί
967 3162 1042 3214 -6,
1061 3157 1128 3228 ΖΔ]

115 3239 168 3277 om.
187 3222 217 3276 P.
293 3230 317 3277 6.
341 3223 414 3294 τῶν]
435 3225 578 3348 (οΙλἙοω.
598 3226 624 3280 b.
698 3232 722 3280 9.
747 3226 1039 3297 EB]Binras.m.
1062 3234 1076 3282 1
1097 3229 1128 3282 Ρ.

151 3291 239 3362 ἔσται]
261 3288 319 3348 ἐστι
337 3294 435 3354 Theon
456 3297 488 3363 (Β
523 3296 590 3366 Vb).
665 3302 706 3353 10.
726 3292 803 3367 ἔσοι’]
823 3296 914 3352 om.P
988 3303 1031 3352 11.
1051 3295 1127 3370 ἔσοι’]

115 3381 168 3419 om.
189 3364 219 3417 P.
276 3370 317 3421 12.
337 3363 407 3435 μέση
426 3367 510 3422 BVb.
570 3373 610 3421 13.
631 3361 702 3436 ὅπερ
717 3365 776 3422 ἔδει
790 3368 897 3457 δεῖξαι]
915 3384 1004 3437 comp.
1020 3369 1052 3436 P,
1072 3387 1128 3425 om.

104 3436 222 3493 ΒΓλῘλ),
283 3443 325 3494 15,
340 3437 387 3511 τῇ]
403 3455 473 3494 corr.
483 3437 571 3508 ἰοτής
584 3457 622 3494 m.
632 3444 648 3492 ‘2
658 3439 690 3506 Β,
707 3439 793 3508 vich.
850 3434 991 3511 έλασσονι]
1009 3435 1128 3499 ἔλασσον

94 3505 124 3558 F
137 3527 175 3564 m,
195 3516 219 3582 1,
242 3506 401 3579 ἐλάσσονος
421 3513 452 3582 b,
469 3513 491 3568 F
511 3517 592 3567 m&
617 3508 729 3565 ὒοὶοὰο
748 3507 950 3578 Βοηήοοιῖ.
998 3515 1043 3562 ΚΒ.
1059 3509 1129 3580 quiq]
