2378 3832
113 169 177 236 102
498 171 699 224 ΣΤΟΙΧΕΙΩΝ
717 166 748 228 ι’.

178 309 351 401 Εὕρηνται
387 309 452 401 άρα
486 311 548 380 δύο
581 310 712 381 εὐθεῖαι
744 310 887 397 δυνάμει
920 307 1126 399 ιἰσύμμετροι

111 422 149 488 αἱ
169 427 246 505 ΑΖ,
262 426 324 486 ΖΒ
353 429 511 487 ποιοῦσαι
533 417 571 487 τὸ
595 418 657 505 μὲν
680 424 899 505 συγκείμενον
918 419 954 486 έκ
976 421 1045 485 τῶν
1068 415 1124 484 ἀπ’

111 523 222 595 αὐτῶν
251 524 469 613 τετραγώνων
499 526 617 614 ῥητόν,
651 523 688 594 τδ
721 525 759 592 δὲ
783 522 841 593 ὑπ’
871 522 984 593 αὐτῶν
1009 525 1127 612 μέσον·

111 630 192 720 ὅπερ
217 636 284 700 ἔδει
308 633 422 714 δείξαι.

74 762 91 811 ι
590 737 651 805 λδ.

178 860 325 952 Εὑρεῖν
354 861 426 930 δύο
455 859 618 942 εὐθείας
647 862 814 949 δυνάμει
847 860 1128 952 ἀσυμμέτρους

109 971 304 1048 ποιούσας
332 967 374 1037 τὸ
406 967 476 1056 μὲν
507 972 771 1055 συγκείμενον
800 972 840 1038 ἐκ
867 973 943 1038 τῶν
971 966 1032 1037 ἀπ’
1063 965 1129 1037 αὑ·

109 1079 187 1145 τῶν
209 1073 469 1163 τετραγώνων
490 1076 628 1162 μέσον,
650 1077 693 1144 τὸ
713 1073 744 1141 δ’
765 1072 826 1143 ὑπ’
848 1072 977 1143 αὐτῶν
996 1074 1128 1162 ῥητόν.

174 1179 422 1249 Ἐκκείσθωσαν
447 1181 510 1248 δύο
533 1182 631 1268 μέσαι
655 1181 798 1268 δυνάμει
817 1181 925 1268 μόνον
945 1180 1128 1270 σύμμετροι

59 1310 93 1359 10
111 1289 150 1355 αί
175 1294 252 1372 ΑΒ,
275 1293 342 1356 ΒΓ
364 1287 468 1374 ῥητὸν
496 1288 706 1375 περιέχουσαι
731 1286 769 1355 τδ
793 1285 850 1356 ὑπ’
881 1286 1008 1372 αὐτῶν,
1043 1285 1128 1356 ὥστε

110 1392 175 1480 τὴν
203 1400 267 1461 ΑΒ
297 1397 356 1479 τῆς
383 1400 449 1461 ΒΓ
475 1400 586 1481 μεῖζον
617 1395 789 1461 δύνασθαι
816 1398 861 1485 τῷ
889 1391 953 1462 άπὸ
981 1391 1128 1482 ἀσυμμέ-

110 1525 192 1587 τρου
225 1499 341 1588 ἑαυτῇ,
372 1500 428 1567 καὶ
460 1500 645 1587 γεγράφθω
678 1500 731 1568 έπὶ
762 1511 822 1587 τῆς
854 1506 919 1567 ΑΒ
950 1498 988 1567 τὸ
1022 1507 1127 1568 ΑΔΒ

110 1602 322 1693 ἡμικύκλιον,
344 1607 401 1673 καὶ
424 1606 601 1693 τετμήσθω
624 1602 645 1693 ἡ
665 1612 731 1675 ΒΓ
750 1610 827 1693 δίχα
849 1604 933 1673 κατ’δι
951 1605 989 1674 τὸ
1007 1613 1048 1692 Ε,
1072 1606 1128 1674 καὶ

110 1714 378 1800 παραβεβλήσθω
407 1712 496 1802 παρά
525 1711 588 1799 τὴν
616 1721 681 1781 ΑΒ
709 1717 754 1803 τῷ
783 1711 849 1781 άπὸ
877 1716 936 1800 τῆς
965 1720 1031 1781 ΒΕ
1052 1721 1128 1781 ίσον

58 1840 91 1891 15
111 1817 459 1907 παραλληλόγραμμον
490 1821 642 1887 ἐλλεῖπον
670 1822 752 1887 εἴδει
779 1817 976 1911 τετραγώνῳ
999 1816 1036 1886 τδ
1058 1816 1127 1887 ’ὑπὸ

110 1929 179 1994 τῶν
211 1931 323 1993 ΑΖΒ·
356 1924 563 2013 ἀσύμμετρος
595 1923 662 2014 άρα
696 1924 813 2010 [ἐστὶν]
848 1922 868 2011 ἡ
897 1933 963 1992 ΑΖ
994 1933 1034 2013 τῇ
1066 1930 1127 1991 ΖΒ

110 2030 215 2118 μήκει.
249 2030 305 2099 καλ
334 2028 430 2117 ἤχθω
462 2029 528 2099 ἀπὸ
554 2035 616 2099 τοῦ
645 2039 672 2098 Ζ
698 2034 739 2120 τῇ
767 2039 831 2099 ΑΒ
859 2029 943 2118 πρὸς
971 2027 1079 2119 ὀρθὰς
1105 2026 1127 2118 ἡ

111 2142 194 2221 ΖΛ,
217 2135 274 2203 καὶ
297 2135 548 2223 ἐπεζεύχθωσαν
573 2139 610 2204 αἱ
630 2144 712 2223 ΑΔ,
736 2145 812 2206 ΔΒ.

174 2240 264 2309 Ἐπεὶ
287 2237 496 2329 ἀσύμμετρός
520 2244 610 2310 ἐστιν
629 2241 650 2330 ἡ
670 2251 735 2311 ΑΖ
753 2248 792 2332 τῇ
812 2247 899 2328 213,-
913 2241 1128 2331 ἀσύμμετρον

57 2372 92 2424 20
111 2346 178 2436 ἄρα
201 2347 270 2416 ἐστὶ
293 2348 348 2416 καὶ
371 2347 409 2416 τὸ
433 2346 500 2416 ὑπὸ
525 2352 594 2416 τῶν
617 2356 695 2434 ΒΑ,
713 2358 778 2417 ΑΖ
801 2353 846 2442 τῷ
869 2346 935 2418 ὑπὸ
958 2352 1027 2418 τῶν
1050 2354 1128 2434 AB,

111 2463 182 2525 BZ.
228 2463 305 2524 ίσον
333 2454 371 2521 δὲ
393 2452 431 2523 τὸ
455 2454 517 2542 μὲν
544 2453 610 2523 ὑπὸ
634 2465 703 2524 των
726 2463 802 2542 BA,
825 2463 890 2524 ΑΖ
913 2460 958 2547 τῷ
982 2451 1047 2522 άπὸ
1071 2457 1130 2540 τῆς

110 2570 193 2647 ΑΔ,
215 2559 253 2631 τδ
278 2561 315 2630 δὲ
336 2558 403 2630 ὑπὸ
427 2565 496 2629 τῶν
514 2565 731 2653 ΑΒ,ΒΖτῷ
755 2560 821 2630 άπὸ
845 2566 1002 2649 τῆςΛΒ·
1026 2560 1130 2647 ἀσάμ-

111 2693 233 2756 μετρον
260 2666 326 2755 άρα
355 2667 424 2735 ἐστὶ
450 2667 562 2735 καὶτὸ
581 2665 646 2736 άπὸ
664 2671 723 2754 τῆς
741 2676 813 2735 ΑΔ
830 2672 876 2760 τῷ
895 2665 960 2737 άπὸ
979 2671 1038 2753 τῆς
1057 2672 1129 2733 ΔΒ.

110 2773 167 2841 καὶ
194 2773 264 2842 ἐπεὶ
292 2773 395 2860 μέσον
423 2775 491 2842 ἐστὶ
513 2775 551 2842 τὸ
575 2771 641 2841 άπὸ
664 2777 722 2860 τῆς
744 2782 810 2842 AB
817 2825 827 2860 ‚
856 2775 959 2860 μέσον
983 2772 1050 2862 άρα
1072 2771 1129 2841 καὶ

58 2903 94 2955 25
112 2904 150 2948 το
178 2884 397 2965 συγκείμενον
425 2881 460 2948 ἐκ
482 2884 551 2948 τεᾶν
575 2877 639 2948 άπὸ
662 2883 730 2948 τῶν
753 2887 835 2966 ΑΔ,
858 2887 934 2949 ΔΒ.
979 2880 1035 2947 καὶ
1059 2878 1130 2947 ἐπεὶ

185 3098 208 3146 1.
220 3085 366 3215 χὺρηνται
383 3091 445 3149 FV.
532 3098 557 3149 3.
577 3088 668 3163 ὑητῶν
687 3093 714 3162 b,
736 3109 805 3148 corr.
825 3111 861 3148 m.
881 3099 905 3148 1.
991 3088 1021 3147 δ’
1040 3090 1128 3147 BVb.

148 3157 201 3218 ἀπ’
244 3204 251 3216 .
323 3168 349 3217 4.
368 3163 477 3235 δεῖξαι]
505 3159 600 3235 εὑρεῖν
617 3165 649 3232 b,
673 3169 834 3234 mg.m.1=
862 3185 904 3234 γρ.
924 3164 1030 3232 δεῖξαις
1059 3162 1129 3217 inF

113 3251 170 3304 mg.
184 3252 221 3288 m.
236 3238 265 3290 2:
285 3253 326 3303 γρ.
347 3229 451 3305 εὑρεῖν.
506 3241 531 3290 7.
550 3231 595 3305 τά]
615 3251 683 3290 corr.
699 3253 732 3290 ex
746 3233 796 3289 τόν
815 3234 845 3288 P.
903 3240 928 3290 8.
947 3233 981 3290 δέ
999 3234 1029 3291 F.
1087 3240 1128 3288 11.

114 3302 272 3375 συμμέτρου
291 3303 322 3374 F,
341 3321 411 3361 corr.
429 3322 467 3362 m.
488 3310 513 3360 1.
577 3310 619 3359 15.
639 3300 768 3362 ἐλλεῖπον
787 3307 858 3361 εἴδει
876 3301 1055 3379 τετραγάνιμ]
1075 3322 1129 3361 om.

113 3374 169 3443 Fb,
187 3393 224 3431 m.
239 3381 256 3430 2
270 3374 301 3432 Β.
356 3371 401 3448 τά]
420 3372 571 3431 ποιοῦντά
589 3376 623 3434 V.
679 3383 720 3432 16.
740 3377 797 3431 τῶν
815 3378 904 3449 ΑΖΒ]
923 3394 979 3431 non
992 3375 1085 3447 liquet
1097 3376 1129 3431 F.

144 3450 205 3512 ΛΖ,
225 3450 274 3500 ΖΒ
293 3446 327 3501 V.
382 3442 537 3518 σύμμετρος
556 3468 588 3518 φ,
607 3449 637 3502 et
651 3446 684 3518 B,
704 3464 771 3503 corr.
787 3465 823 3503 m.
838 3454 863 3504 2.
920 3444 1008 3518 ἐστίν]
1028 3464 1083 3502 om.
1098 3445 1128 3514 P,

93 3509 229 3583 ἔσταιφ.
293 3517 363 3590 ΖΒ]
378 3522 431 3574 ΒΖ
448 3517 480 3576 Ρ.
544 3523 586 3577 18.
607 3518 1011 3592 ΖΔ]ΔΖεοοεῐ.ω.Π.
1064 3516 1131 3588 ΑΒ]
