2378 3832
102 120 169 185 408
519 119 707 169 APPENDIX.

584 281 636 344 27.

172 407 410 491 Προκείσθω
433 397 530 487 ἡμῖν
553 402 696 484 δεῖξαι,
721 397 783 467 ὅτι
807 399 867 466 ἐπὶ
890 403 968 465 τῶν
987 422 1122 482 τετρα-

104 509 243 597 γώνων
277 506 485 595 σχημάτων
518 503 767 594 ἀσύμμετρός
799 508 906 573 ἐστιν
940 501 961 591 6
990 503 1123 590 διάμε-

105 642 196 701 τρος
218 624 261 702 τῇ
284 617 433 701 πλευρᾷ
456 612 580 700 μήκει.

164 719 273 788 Ἔστω
296 721 506 805 τετράγωνον
529 717 567 786 τὸ
585 724 731 805 ΑΒΓΔ,
755 718 931 807 διάμετρος
954 718 992 785 δὲ
1016 714 1124 785 αὐτοῦ

70 848 87 898 5
107 823 127 912 6
142 835 174 894 A
180 832 221 893 Γ·
249 827 346 913 λέγω,
370 823 422 893 ὅτι
440 823 462 911 6
481 831 513 892 Γ
509 834 542 892 A
560 823 769 914 ἀσύμμετρός
787 826 856 893 ἐστι
874 829 914 912 τῇ
930 832 996 892 ΑΒ
1015 823 1124 910 μήκει.

173 937 218 999 Εἰ
239 932 303 1021 γὰρ
327 929 486 1016 δυνατόν,
510 935 594 997 ἔστω
618 930 815 1017 σύμμετρος·
846 932 942 1016 λέγω,
966 928 1017 998 ὅτι
1042 950 1125 1014 συμ-

107 1037 243 1125 βήσεται
260 1035 321 1104 τὸν
341 1033 446 1104 αὐτὸν
465 1033 614 1125 ἀριθμὸν
635 1035 753 1126 ἄρτιον
772 1032 932 1104 εἶναικαὶ
951 1034 1127 1122 περισσόν.

108 1143 259 1231 φανερὸν
281 1142 344 1230 μὲν
368 1134 442 1228 οὖν,
467 1140 518 1211 ὅτι
541 1141 579 1210 τὸ
602 1140 667 1210 ἀπὸ
692 1146 750 1229 τῆς
768 1151 800 1210 Α
807 1149 839 1210 Γ
858 1143 1037 1210 διπλάσιον
1060 1145 1125 1211 τοῦ

108 1247 173 1318 ἀπὸ
192 1254 250 1336 τῆς
268 1257 342 1317 ΑΒ.
379 1248 435 1315 καὶ
458 1249 528 1316 ἐπεὶ
547 1247 734 1336 σύμμετρός
753 1251 842 1316 ἐστιν
862 1247 882 1335 6
903 1254 963 1316 ΓΑ
985 1251 1026 1337 τῇ
1045 1254 1126 1333 ΑΒ,

57 1379 90 1430 10
109 1353 129 1442 6
148 1361 209 1422 ΓΑ
231 1353 297 1442 ἄρα
320 1358 403 1440 πρὸς
425 1353 487 1441 τὴν
506 1362 572 1422 ΑΒ
592 1354 695 1441 λόγον
714 1359 791 1442 ἔχει,
816 1351 857 1421 ὃν
875 1352 1022 1441 ἀριθμὸς
1040 1353 1127 1444 πρὸς

108 1459 267 1546 dommim
313 1461 427 1547 ἐχέτω,
457 1456 497 1527 ὃν
521 1458 539 1528 6
562 1467 626 1528 ΕΖ
652 1459 737 1548 πρὸς
760 1467 809 1546 Η,
837 1462 893 1527 καὶ
916 1465 1068 1528 ἔστωσαν
1093 1463 1128 1528 οἱ

110 1574 183 1651 ΕΖ,
197 1573 236 1633 Η
250 1565 415 1653 ἐλάχιστοι
428 1570 497 1634 τῶν
516 1564 576 1634 τὸν
595 1565 700 1633 αὐτὸν
714 1566 817 1652 λόγον
832 1565 979 1653 ἐχόντων
994 1565 1125 1648 αὐτοῖς·

111 1673 172 1740 οὐκ
201 1672 267 1761 ἄρα
294 1671 400 1758 μονὰς
428 1672 519 1739 ἐστὶν
548 1669 566 1739 6
591 1679 663 1738 EZ.
710 1677 741 1739 εἰ
767 1671 831 1761 γὰρ
859 1677 950 1740 ἔσται
973 1674 1083 1760 μονὰς
1107 1672 1124 1741 6

110 1785 190 1863 EZ,
214 1782 280 1864 ἔχει
304 1776 341 1845 δὲ
364 1777 468 1863 λόγον
491 1775 574 1867 πρὸς
597 1776 656 1846 τὸν
680 1785 730 1864 Η,
755 1774 795 1846 ὃν
819 1784 885 1865 ἔχει
907 1777 929 1865 6
951 1786 1022 1847 ΑΓ
1040 1779 1127 1868 πρὸς

58 1907 91 1958 15
110 1882 171 1969 τὴν
195 1890 276 1968 ΑΒ,
299 1883 355 1950 καὶ
377 1888 496 1970 μείζων
519 1881 540 1971 6
564 1890 633 1951 ΑΓ
650 1889 709 1970 τῆς
731 1891 811 1970 ΑΒ,
836 1891 956 1972 μείζων
980 1884 1046 1973 ἄρα
1071 1886 1126 1953 καὶ

110 1988 131 2074 6
155 1995 219 2055 ΕΖ
241 1993 303 2056 τοῦ
325 1996 364 2063 Η
383 1987 546 2079 ἀριθμοῦ·
570 1987 650 2075 ὅπερ
674 1988 809 2059 ἄτοπον.
843 1989 905 2059 οὐκ
928 1990 996 2078 ἄρα
1018 1992 1128 2078 μονάς

111 2096 203 2162 ἐστιν
219 2091 244 2161 6
269 2101 345 2161 ΕΖ·
378 2081 524 2182 ἄρτθμὸς
545 2093 620 2184 ἄρα.
666 2096 721 2162 καὶ
746 2098 819 2164 ἐπεί
838 2098 929 2165 ἐστιν
953 2095 997 2176 ὡς
1021 2095 1042 2184 6
1068 2105 1129 2167 ΓΑ

111 2198 195 2288 πρὸς
217 2202 279 2287 τὴν
302 2207 379 2285 ΑΒ,
403 2198 508 2281 οὕτως
531 2199 549 2269 6
573 2209 636 2268 ΕΖ
659 2199 741 2291 πρὸς
758 2206 818 2271 τὸν
842 2209 887 2287 Η,
910 2204 966 2270 καὶ
990 2203 1037 2282 ὡς
1061 2204 1130 2291 ἄρα

112 2303 149 2372 τὸ
174 2303 239 2372 ἀπὸ
263 2308 320 2391 τῆς
342 2311 403 2372 ΓΑ
425 2305 509 2395 πρὸς
532 2305 569 2374 τὸ
597 2305 662 2375 ἀπὸ
686 2311 745 2394 τῆς
767 2316 847 2395 ΑΒ,
881 2305 1030 2389 οὕτωςὸ
1061 2308 1130 2380 ἀπὸ

59 2439 94 2488 20
112 2414 173 2479 τοῦ
197 2417 259 2477 ΕΖ
282 2410 366 2499 πρὸς
390 2412 450 2480 τὸν
474 2409 539 2481 ἀπὸ
562 2417 624 2480 τοῦ
646 2421 688 2483 Η.
734 2413 913 2482 διπλάσιον
937 2413 975 2482 δὲ
997 2413 1036 2482 τὸ
1062 2417 1131 2485 ἀπὸ

114 2520 173 2604 τῆς
197 2522 257 2584 ΓΑ
278 2520 339 2586 τοῦ
363 2515 429 2586 ἀπὸ
453 2521 510 2604 τῆς
534 2526 613 2586 ΑΒ·
638 2524 823 2588 διπλασίων
846 2519 912 2605 ἄρα
935 2520 991 2587 καὶ
1015 2518 1035 2588 6
1062 2519 1132 2592 ἆὲτὸ

112 2634 173 2691 τοῦ
193 2630 256 2689 ΕΖ
279 2628 339 2691 τοῦ
363 2623 427 2692 ἀπὸ
452 2628 513 2692 τοῦ
531 2632 579 2693 Η·
610 2623 722 2714 ἄρτιος
741 2623 807 2714 ἄρα
825 2625 916 2694 ἐστὶν
940 2625 958 2693 6
978 2624 1134 2698 ἀπὸτοῦ

113 2736 189 2796 ΕΖ·
225 2729 308 2797 ὥστε
331 2731 387 2797 καὶ
410 2728 511 2810 αὐτὸς
534 2728 552 2798 6
577 2739 638 2798 EZ
662 2729 775 2818 ἄρτιός
798 2733 896 2800 ἐστιν.
942 2737 973 2799 εἰ
994 2733 1061 2821 γὰρ
1086 2729 1134 2822 ἦν

114 2835 285 2924 περισσός,
318 2837 374 2903 καὶ
403 2834 420 2904 6
450 2835 506 2904 ἆτ’
535 2835 640 2905 αὐτοῦ
663 2836 869 2927 τετράγωνος
890 2837 1050 2927 περισσὸς
1073 2833 1135 2929 ἦν,

184 3011 260 3068 Post.
279 3031 320 3066 nr.
340 3018 374 3067 26
393 3011 531 3069 PBFVb.

187 3169 239 3239 (κζ’
261 3171 288 3239 b,
308 3168 352 3240 ρκ’
369 3172 404 3239 Β;
424 3169 481 3240 (σις’
497 3190 565 3228 corr.
585 3173 615 3226 in
634 3170 696 3240 (καθ’
717 3175 839 3228 m.2F.
894 3180 917 3229 1.
937 3168 992 3244 ὅτι]
1013 3179 1136 3235 m.2B.

151 3248 175 3296 2.
196 3239 350 3312 σύμμετρος
369 3243 399 3312 F,
420 3259 489 3300 corr.
508 3262 544 3297 m.
565 3249 589 3298 2.
650 3248 674 3297 5.
695 3244 753 3314 ΓΑ]
775 3244 905 3299 AFFV.
970 3240 1137 3317 σύμμετρος

106 3315 231 3384 Eoorr.
251 3332 288 3371 m.
310 3320 334 3371 2.
410 3321 433 3370 7.
453 3312 582 3383 περιττόν
601 3315 634 3369 V.
708 3320 732 3369 8.
753 3310 811 3369 ἐστι
829 3316 879 3369 τοῦ
898 3315 957 3382 Bb,
984 3311 1044 3370 ἐστι
1065 3321 1136 3376 add.

96 3406 136 3444 m.
159 3388 227 3446 Η.
307 3395 331 3448 9.
354 3387 419 3464 τῆς]
440 3405 511 3446 cort.
531 3386 780 3445 ex.zo6m.xh.
844 3385 974 3455 PAlAP
988 3384 1020 3440 F.
1092 3397 1135 3446 10,

85 3461 161 3535 ΓΑ]
180 3461 211 3520 in
232 3483 291 3525 ras.
313 3463 357 3539 V,
386 3464 495 3523 m.
579 3455 786 3533 ἅραζσωΝ.
856 3449 1144 3521 Ὰῧῖωχὶυωῶ,
