2378 3832
113 185 156 250 66
497 185 699 239 ΣΤΟΙΧΕΙΩΝ
718 181 744 238 ι’.

115 325 222 407 οὕτως
253 326 291 395 τὸ
321 323 386 393 άπὸ
416 329 473 412 τῆς
504 334 566 393 ΕΖ
595 326 678 413 πρὸς
700 324 737 393 τὸ
761 323 827 393 ὑπὸ
850 328 918 392 τῶν
942 331 1020 409 ΖΕ,
1051 331 1132 411 ΕΗ,

114 432 327 522 άσύμμετρον
356 431 420 521 άρα
449 433 545 517 [ἐστὶ]
573 431 611 500 τὸ
641 431 707 500 άπὸ
734 435 792 516 τῆς
816 438 878 497 ΕΖ
902 434 947 521 τῷ
971 427 1037 497 ὑπὸ
1061 435 1131 498 τῶν

114 546 191 623 ΖΒ,
214 546 291 607 ΕΗ.
333 537 419 606 άλλὰ
442 541 487 629 τῷ
511 537 572 625 μὲν
596 535 661 606 άπὸ
685 541 743 624 τῆς
762 545 823 604 ΕΖ
848 535 1037 624 σύμμετρόν
1061 539 1130 605 έστι

112 643 151 713 τὸ
174 644 240 712 άπὸ
264 649 322 731 τῆς
344 651 426 712 ΓΛ·
455 645 552 731 ῥηταὶ
576 644 640 731 γάρ
664 648 729 717 είσι
753 643 909 730 θννάμει·
932 647 977 733 τῷ
1002 643 1040 710 δὲ
1063 641 1130 710 ὑπὸ

76 761 180 824 στοόν
205 758 283 837 ΖΒ,
308 757 381 817 ΒΗ
400 748 589 837 σύμμετρόν
613 751 682 817 ἐστι
704 748 742 817 τὸ
767 747 831 817 ὑπὸ
854 754 923 817 τῶν
947 754 1029 832 ΛΓ,
1054 755 1131 816 ΓΒ

113 865 169 924 ἴσα
192 857 256 946 γάρ
281 859 412 948 ἐστιτῷ
437 854 501 923 άπὸ
525 865 584 942 τῆς
603 865 645 922 A·
670 855 881 943 ἀσύμμετρον
901 853 965 940 άρα
985 855 1054 922 ἐστὶ
1072 855 1130 922 καλ

111 963 149 1032 τὸ
173 960 238 1031 άπὸ
262 975 321 1049 τῆς
339 969 406 1030 ΓΛ
427 967 473 1055 τῷ
497 960 563 1030 ὑπὸ
586 966 654 1030 τῶν
675 968 751 1047 ΔΓ,
775 967 845 1028 ΓΒ.
882 960 927 1041 ὡς
950 961 988 1028 δὲ
1005 959 1043 1029 τὸ
1063 958 1131 1028 άπὸ

111 1072 170 1156 τῆς
197 1076 264 1137 ΓΛ
292 1067 376 1156 πρὸς
403 1066 440 1136 τὸ
467 1065 533 1136 ὑπὸ
556 1071 624 1136 τῶν
649 1074 730 1151 ΛΓ,
753 1073 830 1153 ΓΒ,
863 1064 969 1146 οὕτως
994 1065 1129 1153 ἐστλνη

113 1182 184 1243 ΛΓ
207 1173 289 1262 πρὸς
315 1173 377 1261 τὴν
402 1181 475 1242 ΓΒ·
504 1172 712 1269 άσάμμετρος
739 1171 804 1260 άρα
833 1173 923 1241 ἐστὶν
952 1170 972 1258 ἡ
997 1179 1068 1240 ΛΓ
1086 1177 1129 1260 τῇ

61 1305 95 1353 10
113 1287 175 1348 ΓΒ
199 1279 303 1367 μήκει.
332 1281 414 1367 ῥητὴ
438 1279 505 1366 άρα
529 1280 618 1348 ἐστὶν
642 1277 663 1365 ἡ
686 1285 752 1347 ΓΛ
775 1279 830 1346 καὶ
854 1277 1063 1366 ἀσύμμετρος
1087 1283 1128 1366 τῇ

112 1394 173 1455 ΓΒ
197 1387 306 1474 μήκει·
332 1386 411 1475 ὅπερ
436 1389 504 1453 ἔδει
528 1387 641 1466 δείξαι.

590 1589 649 1648 αν.

179 1695 219 1756 Η
236 1690 280 1776 τῇ
304 1688 400 1775 μέση
425 1686 646 1774 σύμμετρος
668 1686 763 1772 μέση
788 1688 904 1754 έσιίν.

169 1793 278 1861 Ἔστω
306 1793 389 1879 μέση
413 1790 433 1878 ἡ
457 1803 505 1877 Α,
531 1792 649 1880 καλιῇ
674 1801 706 1858 Α
729 1790 915 1878 σύμμετρος
938 1791 1059 1880 έστωὴ
1085 1802 1129 1861 Β·

59 1923 91 1972 15
111 1901 212 1986 λέγω,
233 1897 283 1966 ὅτι
305 1899 361 1965 καλ
384 1895 405 1984 ἡ
424 1905 453 1964 Β
476 1900 559 1984 μέση
583 1900 682 1965 ἐστίν.

176 2003 357 2072 Ἐκκείσθω
385 2001 450 2091 γάρ
479 2002 560 2091 ῥητὴ
588 2000 609 2089 ἡ
634 2008 715 2089 ΓΔ,
742 2005 798 2071 καὶ
825 2008 870 2095 τῷ
895 2004 956 2091 μὲν
979 2002 1044 2073 άπὸ
1069 2010 1130 2092 τῆς

112 2121 145 2179 A
173 2119 248 2178 λ’σον
275 2106 365 2196 παρὰ
392 2107 455 2195 τὴν
483 2116 549 2177 ΓΛ
576 2109 845 2196 παραβεβλήσθω
872 2116 996 2198 χωρίον
1025 2110 1127 2200 ὀρθο-

111 2215 238 2303 νάνιον
269 2215 308 2284 τὸ
337 2221 401 2284 ΓΕ
432 2213 554 2294 πλάτος
588 2226 710 2282 ποιοῦν
741 2216 804 2303 τὴν
832 2224 913 2284 ΒΔ·
947 2218 1030 2305 ῥητὴ
1059 2219 1127 2306 άρα

112 2322 202 2389 ἐστὶν
232 2321 252 2408 ἡ
281 2329 350 2388 ΕΔ
383 2322 440 2389 καὶ
467 2318 675 2409 ἀσύμμετρος
700 2326 740 2410 τῇ
769 2330 835 2391 ΓΔ
863 2322 966 2411 μήκει.
1012 2335 1059 2417 τῷ
1089 2325 1127 2393 δὲ

57 2453 92 2502 20
111 2425 175 2495 άπὸ
199 2431 258 2513 τῆς
275 2435 304 2494 Β
329 2437 405 2495 ίσον
428 2425 516 2514 παρά
539 2425 601 2513 τὴν
620 2434 687 2495 ΓΛ
709 2430 977 2517 παραβεβλήσθω
1000 2438 1127 2517 χωρίον

111 2531 327 2621 ὀρθογώνιον
358 2530 396 2601 τὸ
429 2538 490 2601 ΓΖ
527 2531 650 2614 πλάτος
686 2539 808 2603 ποιοῦν
840 2534 901 2622 τὴν
934 2543 1009 2604 ΛΖ.
1057 2538 1127 2605 ἐπεὶ

111 2631 176 2707 οὖν
206 2638 392 2726 σύμμετρός
419 2640 509 2706 ἐστιν
531 2635 552 2725 ἡ
577 2650 609 2707 Α
631 2642 671 2728 τῇ
694 2648 736 2726 Β,
765 2640 954 2731 σύμμετρόν
978 2645 1046 2710 ἐστι
1070 2644 1127 2711 παλ

110 2745 147 2812 τὸ
184 2743 250 2812 άπὸ
283 2755 341 2831 τῆς
373 2753 406 2812 A
441 2749 486 2838 τῷ
517 2741 583 2813 άπὸ
611 2757 669 2833 τῆς
695 2755 732 2814 Β.
783 2745 867 2815 άλλά
896 2752 941 2839 τῷ
969 2748 1031 2836 μὲν
1059 2747 1126 2816 άπὸ

110 2855 169 2937 τῆς
192 2858 225 2917 Λ
248 2859 324 2919 ίσον
348 2853 415 2919 ἐστὶ
438 2851 477 2920 τὸ
501 2857 578 2938 ΕΓ,
605 2857 650 2944 τῷ
675 2854 712 2921 δὲ
735 2850 800 2921 άπὸ
822 2858 880 2940 τῆς
902 2862 931 2921 Β
955 2862 1032 2922 ίσον
1056 2855 1127 2922 ἐστὶ

56 2982 91 3032 26
110 2956 147 3025 τὸ
182 2962 256 3024 ΓΖ·
291 2956 479 3046 σύμμετρον
507 2957 580 3047 ’άρα
613 2961 682 3028 ἐστὶ
716 2959 754 3029 τὸ
784 2966 850 3027 ΕΓ
873 2965 918 3052 τῷ
946 2967 1014 3028 ΓΖ.
1069 2966 1128 3028 καί

181 3167 340 3225 wanze
321 3191 378 3241 αρα
396 3171 457 3226 PV.
513 3168 588 3242 ἐστί]
608 3189 662 3227 om.
680 3170 711 3224 P
784 3177 809 3226 3.
828 3171 968 3311 τῷηγμοιτ,
989 3189 1023 3228 ex
1041 3194 1074 3229 το
1067 3169 1123 3229 'V.

115 3177 218 3332 έσπί]
237 3259 291 3297 om.
310 3242 343 3297 V.
406 3247 430 3297 4.
451 3241 571 3298 είσινΡ.
628 3239 759 3312 δυνάμει]
780 3258 841 3296 eras
923 3243 987 3298 dein
1002 3241 1105 3299 adds
1088 3264 1125 3306 ως

109 3308 167 3367 άα
189 3311 339 3369 δέδεικται
417 3318 441 3370 6.
466 3311 685 3400 σνμμέτρωνΡ,
710 3331 778 3368 corr
803 3332 839 3370 m
865 3320 888 3368 1
967 3312 1043 3386 ἐστι]
1069 3332 1122 3370 om

108 3383 132 3438 Β
165 3384 192 3440 b
246 3385 344 3440 θεῖσι
363 3383 449 3439 BVb.
505 3381 712 3454 σάμμετρονΓ,
731 3384 777 3440 sed
797 3401 865 3440 con.
922 3381 1043 3440 ἐστίνΡ.
1099 3392 1121 3440 7.

100 3458 161 3507 ΓΒ
173 3453 371 3543 παριιμομένμ
390 3456 424 3511 V.
476 3459 501 3512 8.
522 3455 589 3527 ΓΔ]
611 3454 707 3510 ΔΓΒ.
759 3461 782 3512 9.
804 3454 868 3526 ΓΒ]
888 3457 978 3511 ΓΑΒ
1034 3452 1108 3512 ἐστίν

85 3532 143 3574 011¹
165 3524 190 3577 b
256 3531 302 3581 11
323 3544 399 3600 οπερ
418 3524 482 3584 ἔδει
501 3527 611 3601 θειξαι]
630 3544 685 3583 om.
700 3526 790 3593 Bm),
807 3526 948 3595 must.
1004 3533 1050 3582 w.
1066 3523 1107 3594 ιη’
