2378 3832
366 182 643 235 8888888888
660 183 769 235 niens
786 184 819 235 Χ.
1037 180 1099 243 171

82 325 191 410 spatio
213 327 285 389 ΛΓ
307 324 480 409 aequalem
504 325 697 410 quadratam
719 324 944 389 irrationalem
968 346 1039 389 esse
1062 347 1101 390 ex

79 431 208 497 duabus
230 429 348 495 mediis
372 430 559 516 secundam,
583 453 664 517 quae
688 434 832 496 uocatur.

147 534 390 622 comparentur
417 535 505 601 enim
532 537 658 623 eadem,
691 557 773 622 quae
801 540 906 601 antea.
959 540 992 600 81
1023 557 1100 621 quo·

83 642 167 708 niam
190 649 224 708 A
230 648 265 707 A
288 649 327 707 ex
351 642 477 708 duobus
499 643 685 708 nominibus
709 642 808 708 tertia
832 645 896 726 ast,
924 646 1008 723 ΑΕ,
1032 647 1099 706 ΕΔ

289 784 320 834 Η
340 783 365 834 Ε
410 783 431 833 Z
564 749 744 814 rationales
768 753 843 814 sunt
860 748 1007 832 potentia
1030 752 1099 812 tan-

502 822 528 870 A
565 860 635 920 tum
685 853 1011 935 commensurabiles,
1066 859 1099 919 et

506 959 648 1081 FAE²
677 961 802 1026 excedit
825 958 910 1024 M
940 961 1098 1046 quadrato

506 1032 672 1134 Procae
701 1067 765 1132 sibi
788 1068 1099 1152 commensurabilis,

565 1178 598 1238 et
613 1177 731 1239 neutra
748 1177 911 1238 rectarum
933 1179 1011 1257 ΑΕ,
1030 1179 1099 1239 ΕΔ

427 1339 450 1361 Η
564 1283 633 1345 rect
634 1303 672 1345 aa
694 1283 760 1345 AB
786 1279 891 1364 longit
877 1281 989 1345 tudine
1012 1302 1098 1346 oom-

564 1385 793 1451 mensurabilis
813 1389 863 1451 881
887 1386 961 1466 [def.
983 1388 1038 1453 alt.
1052 1388 1098 1468 3].

563 1490 629 1555 iam
653 1491 765 1556 eodem
788 1492 883 1556 modo
912 1514 975 1576 quo
1002 1497 1098 1558 antea

565 1597 873 1675 demonstrabimus,
897 1620 966 1662 esse

717 1701 805 1777 ΜΞ2
821 1707 947 1769 --ΑΓ

114 1804 577 1895 [etp.162,5],et,MN
606 1808 676 1883 ΝΞ
705 1810 828 1874 medias
858 1830 928 1873 esse
950 1810 1098 1894 potentia

112 1910 210 1981 batum
234 1915 542 1982 commensurabiles
567 1914 637 1996 [c.fr
660 1937 690 1999 p.
716 1917 954 2000 1oo,110s.q]
1000 1937 1097 2000 quare

112 2016 165 2092 ΜΞ
181 2043 217 2086 ex
238 2022 366 2087 duabus
390 2022 578 2086 mediist
529 2025 586 2086 881

159 2126 215 2192 iam
242 2128 531 2193 demonstrandum
559 2132 623 2211 est,
656 2129 788 2194 eandem
817 2130 991 2194 secundam
1019 2150 1097 2194 8888.

112 2233 236 2308 quoniam
259 2238 339 2316 ΛΕ,
362 2237 438 2318 ΑΒ,
462 2234 524 2300 188
548 2240 598 2299 881
620 2239 699 2316 ΛΕ,
722 2238 798 2317 EK,
822 2236 1026 2321 longitudine
1049 2236 1098 2300 in-

113 2340 392 2405 commensurabiles
415 2344 505 2425 sunt,
534 2345 566 2405 et
590 2345 672 2424 All,
695 2345 757 2405 ΕΖ
781 2342 1098 2424 commensurabiles,

114 2437 159 2504 ΕΖ
172 2448 200 2509 81
212 2449 281 2511 ΕΚ
297 2446 504 2531 longitudine
526 2445 868 2512 incommensurabiles
893 2451 970 2512 sunt
993 2449 1097 2529 [prop.

114 2537 192 2630 Xllll
234 2555 268 2615 81
289 2552 467 2617 rationales
487 2555 576 2636 sunt,
599 2552 710 2634 itaque
734 2556 806 2634 ΖΕ,
831 2556 900 2617 EK
920 2551 1097 2616 rationales

117 2656 171 2717 lunt
191 2660 336 2740 potentia
361 2661 491 2725 tantum
520 2658 839 2723 commensurabiles.
893 2678 992 2742 quare
1019 2660 1097 2740 EA,

118 2747 218 2826 horest
234 2767 314 2847 MP,
339 2764 480 2829 medium
504 2768 555 2828 881
579 2765 682 2847 [prop.
696 2763 797 2844 XXI].
834 2769 867 2828 81
888 2765 987 2829 rectis
1007 2768 1097 2848 MN,

126 2856 170 2934 ΝΞ
184 2870 467 2954 comprehenditur.
503 2870 614 2954 itaqua
634 2873 717 2934 MN
727 2885 770 2936 ><
784 2873 822 2933 N
823 2869 853 2943 a*
873 2871 1015 2936 medium
1039 2874 1097 2938 est.

170 2966 245 3059 lrgo
272 2974 346 3049 Ma*
370 2997 409 3040 ex
437 2975 561 3040 duabus
592 2975 707 3039 mediis
741 2975 880 3039 secunda
907 2980 957 3041 est
990 2979 1097 3061 [prop.

131 3060 290 3164 munh
313 3081 398 3166 quod
420 3084 492 3146 erat
514 3081 807 3147 demonstrandum.
