<?xml version="1.0" encoding="UTF-8"?>
<!DOCTYPE html PUBLIC "-//W3C//DTD XHTML 1.0 Transitional//EN"
    "http://www.w3.org/TR/xhtml1/DTD/xhtml1-transitional.dtd">
<html xmlns="http://www.w3.org/1999/xhtml" xml:lang="en" lang="en">
 <head>
  <title>
</title>
<meta http-equiv="Content-Type" content="text/html;charset=utf-8" />
  <meta name='ocr-system' content='tesseract 3.04.00' />
  <meta name='ocr-capabilities' content='ocr_page ocr_carea ocr_par ocr_line ocrx_word'/>
</head>
<body>
  <div class='ocr_page' id='page_1' title='image "./euclidisoperaom11unkngoog_0188.png"; bbox 0 0 2378 3832; ppageno 0'>
   <div class='ocr_carea' id='block_1_1' title="bbox 370 159 1102 224">
    <p class='ocr_par' dir='ltr' id='par_1_1' title="bbox 370 159 1102 224">
     <span class='ocr_line' id='line_1_1' title="bbox 370 159 1102 224; baseline 0.014 -10"><span class='ocrx_word' id='word_1_1' title='bbox 370 164 645 214; x_wconf 74' lang='lat' dir='ltr'><strong>murmurosum</strong></span> <span class='ocrx_word' id='word_1_2' title='bbox 662 163 771 214; x_wconf 79' lang='lat' dir='ltr'><strong>amna</strong></span> <span class='ocrx_word' id='word_1_3' title='bbox 788 164 822 216; x_wconf 80' lang='lat' dir='ltr'><strong>x,</strong></span> <span class='ocrx_word' id='word_1_4' title='bbox 1038 159 1102 224; x_wconf 75' lang='lat'><strong>177</strong></span> 
     </span>
    </p>
   </div>
   <div class='ocr_carea' id='block_1_2' title="bbox 86 304 1108 815">
    <p class='ocr_par' dir='ltr' id='par_1_2' title="bbox 86 304 1108 815">
     <span class='ocr_line' id='line_1_2' title="bbox 89 304 1103 389; baseline -0.001 -20"><span class='ocrx_word' id='word_1_5' title='bbox 89 304 194 388; x_wconf 86' lang='lat' dir='ltr'><strong>spatio</strong></span> <span class='ocrx_word' id='word_1_6' title='bbox 222 305 376 369; x_wconf 75' lang='lat' dir='ltr'><strong>rationali</strong></span> <span class='ocrx_word' id='word_1_7' title='bbox 399 310 432 371; x_wconf 92' lang='lat' dir='ltr'><strong>et</strong></span> <span class='ocrx_word' id='word_1_8' title='bbox 455 305 559 370; x_wconf 89' lang='lat' dir='ltr'><strong>medio</strong></span> <span class='ocrx_word' id='word_1_9' title='bbox 593 306 760 389; x_wconf 89' lang='lat' dir='ltr'><strong>aequalem</strong></span> <span class='ocrx_word' id='word_1_10' title='bbox 787 305 992 389; x_wconf 76' lang='lat' dir='ltr'><strong>quadratam,</strong></span> <span class='ocrx_word' id='word_1_11' title='bbox 1021 326 1103 388; x_wconf 89' lang='lat' dir='ltr'><strong>quae</strong></span> 
     </span>
     <span class='ocr_line' id='line_1_3' title="bbox 86 414 233 476; baseline 0 -1"><span class='ocrx_word' id='word_1_12' title='bbox 86 414 233 476; x_wconf 88' lang='lat' dir='ltr'><strong>uocatur.</strong></span> 
     </span>
     <span class='ocr_line' id='line_1_4' title="bbox 153 516 1102 600; baseline 0.001 -19"><span class='ocrx_word' id='word_1_13' title='bbox 153 521 384 600; x_wconf 87' lang='lat' dir='ltr'><strong>comparentur</strong></span> <span class='ocrx_word' id='word_1_14' title='bbox 404 519 489 580; x_wconf 91' lang='lat' dir='ltr'><strong>enim</strong></span> <span class='ocrx_word' id='word_1_15' title='bbox 509 516 631 600; x_wconf 87' lang='lat' dir='ltr'><strong>eadem,</strong></span> <span class='ocrx_word' id='word_1_16' title='bbox 655 538 736 600; x_wconf 89' lang='lat' dir='ltr'><strong>quae</strong></span> <span class='ocrx_word' id='word_1_17' title='bbox 756 517 788 579; x_wconf 91' lang='lat' dir='ltr'><strong>in</strong></span> <span class='ocrx_word' id='word_1_18' title='bbox 807 517 1026 599; x_wconf 89' lang='lat' dir='ltr'><strong>superioribus</strong></span> <span class='ocrx_word' id='word_1_19' title='bbox 1051 519 1102 582; x_wconf 90' lang='lat' dir='ltr'><strong>de-</strong></span> 
     </span>
     <span class='ocr_line' id='line_1_5' title="bbox 88 621 1108 705; baseline 0.001 -19"><span class='ocrx_word' id='word_1_20' title='bbox 88 621 392 687; x_wconf 74' lang='lat' dir='ltr'><strong>monstrationibus.</strong></span> <span class='ocrx_word' id='word_1_21' title='bbox 412 622 618 686; x_wconf 88' lang='lat' dir='ltr'><strong>manifestum</strong></span> <span class='ocrx_word' id='word_1_22' title='bbox 628 621 730 705; x_wconf 84' lang='lat' dir='ltr'><strong>igitur</strong></span> <span class='ocrx_word' id='word_1_23' title='bbox 741 625 799 704; x_wconf 85' lang='lat' dir='ltr'><strong>est,</strong></span> <span class='ocrx_word' id='word_1_24' title='bbox 813 643 883 685; x_wconf 88' lang='lat' dir='ltr'><strong>esse</strong></span> <span class='ocrx_word' id='word_1_25' title='bbox 897 625 941 685; x_wconf 99' lang='lat' dir='ltr'><strong><em>M</em></strong></span> <span class='ocrx_word' id='word_1_26' title='bbox 941 621 1071 695; x_wconf 64' lang='lat' dir='ltr'><strong>E²=A</strong></span> <span class='ocrx_word' id='word_1_27' title='bbox 1076 625 1108 687; x_wconf 89' lang='grc' dir='ltr'>Γ</span> 
     </span>
     <span class='ocr_line' id='line_1_6' title="bbox 116 727 1104 815; baseline 0.001 -24"><span class='ocrx_word' id='word_1_28' title='bbox 116 765 137 814; x_wconf 64' lang='lat' dir='ltr'><strong>p</strong></span> <span class='ocrx_word' id='word_1_29' title='bbox 297 764 328 814; x_wconf 76' lang='grc' dir='ltr'><strong>Η</strong></span> <span class='ocrx_word' id='word_1_30' title='bbox 348 764 372 814; x_wconf 76' lang='grc' dir='ltr'><strong>Ε</strong></span> <span class='ocrx_word' id='word_1_31' title='bbox 418 765 439 815; x_wconf 76' lang='grc' dir='ltr'><strong>Ζ</strong></span> <span class='ocrx_word' id='word_1_32' title='bbox 574 729 623 812; x_wconf 91' lang='lat' dir='ltr'><strong>[p.</strong></span> <span class='ocrx_word' id='word_1_33' title='bbox 658 727 734 809; x_wconf 82' lang='lat'><strong>162,</strong></span> <span class='ocrx_word' id='word_1_34' title='bbox 765 729 780 791; x_wconf 88' lang='lat'>1</span> <span class='ocrx_word' id='word_1_35' title='bbox 813 730 887 812; x_wconf 86' lang='lat' dir='ltr'><strong>sq.].</strong></span> <span class='ocrx_word' id='word_1_36' title='bbox 950 728 1015 791; x_wconf 90' lang='lat' dir='ltr'><strong>iam</strong></span> <span class='ocrx_word' id='word_1_37' title='bbox 1053 728 1104 793; x_wconf 93' lang='lat' dir='ltr'><strong>de·</strong></span> 
     </span>
    </p>
   </div>
   <div class='ocr_carea' id='block_1_3' title="bbox 97 802 1105 1235">
    <p class='ocr_par' dir='ltr' id='par_1_3' title="bbox 97 802 1105 1131">
     <span class='ocr_line' id='line_1_7' title="bbox 123 802 1104 1045; baseline 0.005 -151"><span class='ocrx_word' id='word_1_38' title='bbox 123 802 536 1045; x_wconf 68' lang='lat' dir='ltr'><strong>.]A</strong></span> <span class='ocrx_word' id='word_1_39' title='bbox 573 832 819 898; x_wconf 88' lang='lat' dir='ltr'><strong>monstrandum</strong></span> <span class='ocrx_word' id='word_1_40' title='bbox 847 836 910 916; x_wconf 86' lang='lat' dir='ltr'><strong>est,</strong></span> <span class='ocrx_word' id='word_1_41' title='bbox 939 833 1013 908; x_wconf 76' lang='grc' dir='ltr'><strong>ΜΞ</strong></span> <span class='ocrx_word' id='word_1_42' title='bbox 1034 856 1104 899; x_wconf 89' lang='lat' dir='ltr'><strong>esse</strong></span> 
     </span>
     <span class='ocr_line' id='line_1_8' title="bbox 126 838 1105 1037; baseline 0.004 -37"><span class='ocrx_word' id='word_1_43' title='bbox 126 838 360 1037; x_wconf 84' lang='grc' dir='ltr'><strong>ΙΙ</strong></span> <span class='ocrx_word' id='word_1_44' title='bbox 572 943 694 1003; x_wconf 90' lang='lat' dir='ltr'><strong>rectam</strong></span> <span class='ocrx_word' id='word_1_45' title='bbox 737 940 841 1023; x_wconf 89' lang='lat' dir='ltr'><strong>spatio</strong></span> <span class='ocrx_word' id='word_1_46' title='bbox 883 941 1035 1005; x_wconf 80' lang='lat' dir='ltr'><strong>rationali</strong></span> <span class='ocrx_word' id='word_1_47' title='bbox 1072 947 1105 1004; x_wconf 85' lang='lat' dir='ltr'><strong>et</strong></span> 
     </span>
     <span class='ocr_line' id='line_1_9' title="bbox 97 1012 1104 1131; baseline 0.004 -25"><span class='ocrx_word' id='word_1_48' title='bbox 97 1012 121 1062; x_wconf 81' lang='lat' dir='ltr'><em>B</em></span> <span class='ocrx_word' id='word_1_49' title='bbox 297 1045 322 1098; x_wconf 82' lang='grc' dir='ltr'>Θ</span> <span class='ocrx_word' id='word_1_50' title='bbox 349 1048 376 1097; x_wconf 82' lang='grc' dir='ltr'><em>Κ</em></span> <span class='ocrx_word' id='word_1_51' title='bbox 415 1049 439 1098; x_wconf 79' lang='grc' dir='ltr'><em>Α</em></span> <span class='ocrx_word' id='word_1_52' title='bbox 515 1013 539 1061; x_wconf 76' lang='lat' dir='ltr'>P</span> <span class='ocrx_word' id='word_1_53' title='bbox 574 1045 679 1110; x_wconf 90' lang='lat' dir='ltr'><strong>medio</strong></span> <span class='ocrx_word' id='word_1_54' title='bbox 709 1046 876 1129; x_wconf 89' lang='lat' dir='ltr'><strong>aequalem</strong></span> <span class='ocrx_word' id='word_1_55' title='bbox 905 1047 1104 1131; x_wconf 84' lang='lat' dir='ltr'><strong>quadratam.</strong></span> 
     </span>
    </p>

    <p class='ocr_par' dir='ltr' id='par_1_4' title="bbox 359 1152 1105 1235">
     <span class='ocr_line' id='line_1_10' title="bbox 359 1152 1105 1235; baseline 0.007 -24"><span class='ocrx_word' id='word_1_56' title='bbox 359 1161 382 1211; x_wconf 89' lang='lat' dir='ltr'>P</span> <span class='ocrx_word' id='word_1_57' title='bbox 572 1173 648 1215; x_wconf 91' lang='lat' dir='ltr'><strong>nam</strong></span> <span class='ocrx_word' id='word_1_58' title='bbox 676 1152 831 1234; x_wconf 90' lang='lat' dir='ltr'><strong>quoniam</strong></span> <span class='ocrx_word' id='word_1_59' title='bbox 853 1156 939 1235; x_wconf 85' lang='grc' dir='ltr'><strong>ΑΗ,</strong></span> <span class='ocrx_word' id='word_1_60' title='bbox 963 1157 1033 1216; x_wconf 88' lang='grc' dir='ltr'><strong>ΗΕ</strong></span> <span class='ocrx_word' id='word_1_61' title='bbox 1058 1153 1105 1216; x_wconf 90' lang='lat' dir='ltr'><strong>in·</strong></span> 
     </span>
    </p>
   </div>
   <div class='ocr_carea' id='block_1_4' title="bbox 171 1197 1106 1660">
    <p class='ocr_par' dir='ltr' id='par_1_5' title="bbox 171 1197 1106 1550">
     <span class='ocr_line' id='line_1_11' title="bbox 171 1197 1106 1380; baseline 0.001 -59"><span class='ocrx_word' id='word_1_62' title='bbox 171 1330 205 1380; x_wconf 77' lang='lat' dir='ltr'><em>M</em></span> <span class='ocrx_word' id='word_1_63' title='bbox 431 1197 461 1352; x_wconf 54' lang='lat'><strong>13</strong></span> <span class='ocrx_word' id='word_1_64' title='bbox 573 1257 878 1322; x_wconf 78' lang='lat' dir='ltr'><strong>commensurabiles</strong></span> <span class='ocrx_word' id='word_1_65' title='bbox 904 1263 978 1322; x_wconf 89' lang='lat' dir='ltr'><strong>sunt</strong></span> <span class='ocrx_word' id='word_1_66' title='bbox 1003 1255 1106 1344; x_wconf 86' lang='lat' dir='ltr'><strong>[prop.</strong></span> 
     </span>
     <span class='ocr_line' id='line_1_12' title="bbox 334 1347 1105 1446; baseline 0 -19"><span class='ocrx_word' id='word_1_67' title='bbox 334 1356 363 1407; x_wconf 84' lang='grc' dir='ltr'><em>Ν</em></span> <span class='ocrx_word' id='word_1_68' title='bbox 431 1347 455 1385; x_wconf 43' lang='lat' dir='ltr'><strong>&#39;i</strong></span> <span class='ocrx_word' id='word_1_69' title='bbox 572 1361 716 1446; x_wconf 73' lang='lat' dir='ltr'>XVIIH,</span> <span class='ocrx_word' id='word_1_70' title='bbox 748 1367 827 1445; x_wconf 79' lang='lat' dir='ltr'><strong>Ao,</strong></span> <span class='ocrx_word' id='word_1_71' title='bbox 852 1367 929 1446; x_wconf 83' lang='grc' dir='ltr'><strong>ΘΕ,</strong></span> <span class='ocrx_word' id='word_1_72' title='bbox 966 1364 1028 1429; x_wconf 91' lang='lat' dir='ltr'><strong>hoc</strong></span> <span class='ocrx_word' id='word_1_73' title='bbox 1056 1371 1105 1427; x_wconf 90' lang='lat' dir='ltr'><strong>est</strong></span> 
     </span>
     <span class='ocr_line' id='line_1_13' title="bbox 573 1466 1105 1550; baseline 0.002 -17"><span class='ocrx_word' id='word_1_74' title='bbox 573 1467 683 1549; x_wconf 77' lang='lat' dir='ltr'><strong>MN2,</strong></span> <span class='ocrx_word' id='word_1_75' title='bbox 709 1466 807 1550; x_wconf 65' lang='lat' dir='ltr'><strong>NE‘,</strong></span> <span class='ocrx_word' id='word_1_76' title='bbox 835 1469 1105 1534; x_wconf 90' lang='lat' dir='ltr'><strong>incommensura-</strong></span> 
     </span>
    </p>

    <p class='ocr_par' dir='ltr' id='par_1_6' title="bbox 573 1574 1104 1660">
     <span class='ocr_line' id='line_1_14' title="bbox 573 1574 1104 1660; baseline 0.002 -21"><span class='ocrx_word' id='word_1_77' title='bbox 573 1575 653 1639; x_wconf 91' lang='lat' dir='ltr'><strong>bilia</strong></span> <span class='ocrx_word' id='word_1_78' title='bbox 676 1580 753 1639; x_wconf 90' lang='lat' dir='ltr'><strong>sunt</strong></span> <span class='ocrx_word' id='word_1_79' title='bbox 777 1574 847 1658; x_wconf 80' lang='lat' dir='ltr'><strong>[VL</strong></span> <span class='ocrx_word' id='word_1_80' title='bbox 868 1578 900 1658; x_wconf 79' lang='lat'><strong>13</strong></span> <span class='ocrx_word' id='word_1_81' title='bbox 923 1598 1013 1660; x_wconf 89' lang='lat' dir='ltr'><strong>prop.</strong></span> <span class='ocrx_word' id='word_1_82' title='bbox 1033 1575 1104 1657; x_wconf 79' lang='grc' dir='ltr'><strong>ΧΠ.</strong></span> 
     </span>
    </p>
   </div>
   <div class='ocr_carea' id='block_1_5' title="bbox 89 1665 1177 3248">
    <p class='ocr_par' dir='ltr' id='par_1_7' title="bbox 89 1665 1177 3248">
     <span class='ocr_line' id='line_1_15' title="bbox 189 1665 1106 1765; baseline 0.002 -22"><span class='ocrx_word' id='word_1_83' title='bbox 189 1665 218 1716; x_wconf 76' lang='grc' dir='ltr'><strong><em>Σ</em></strong></span> <span class='ocrx_word' id='word_1_84' title='bbox 353 1665 378 1718; x_wconf 83' lang='lat'><em>0</em></span> <span class='ocrx_word' id='word_1_85' title='bbox 572 1679 683 1764; x_wconf 88' lang='lat' dir='ltr'><strong>itaque</strong></span> <span class='ocrx_word' id='word_1_86' title='bbox 720 1685 820 1763; x_wconf 88' lang='lat' dir='ltr'><strong>MN,</strong></span> <span class='ocrx_word' id='word_1_87' title='bbox 851 1685 890 1744; x_wconf 92' lang='lat' dir='ltr'><strong><em>N</em></strong></span> <span class='ocrx_word' id='word_1_88' title='bbox 895 1680 925 1753; x_wconf 76' lang='grc' dir='ltr'><em>Ξ</em></span> <span class='ocrx_word' id='word_1_89' title='bbox 958 1682 1106 1765; x_wconf 86' lang='lat' dir='ltr'><strong>potentia</strong></span> 
     </span>
     <span class='ocr_line' id='line_1_16' title="bbox 93 1785 1106 1870; baseline 0.001 -20"><span class='ocrx_word' id='word_1_90' title='bbox 93 1785 436 1854; x_wconf 76' lang='lat' dir='ltr'><strong>incommensurabiles</strong></span> <span class='ocrx_word' id='word_1_91' title='bbox 467 1791 549 1852; x_wconf 89' lang='lat' dir='ltr'><strong>sunt.</strong></span> <span class='ocrx_word' id='word_1_92' title='bbox 605 1791 637 1851; x_wconf 87' lang='lat' dir='ltr'><strong>et</strong></span> <span class='ocrx_word' id='word_1_93' title='bbox 668 1787 821 1870; x_wconf 88' lang='lat' dir='ltr'><strong>quoniam</strong></span> <span class='ocrx_word' id='word_1_94' title='bbox 854 1790 928 1849; x_wconf 86' lang='grc' dir='ltr'><strong>ΑΔ</strong></span> <span class='ocrx_word' id='word_1_95' title='bbox 958 1808 995 1850; x_wconf 84' lang='lat' dir='ltr'><strong>ex</strong></span> <span class='ocrx_word' id='word_1_96' title='bbox 1031 1787 1106 1851; x_wconf 94' lang='lat' dir='ltr'><strong>duo·</strong></span> 
     </span>
     <span class='ocr_line' id='line_1_17' title="bbox 90 1893 1106 1977; baseline 0 -20"><span class='ocrx_word' id='word_1_97' title='bbox 90 1893 153 1958; x_wconf 89' lang='lat' dir='ltr'><strong>bus</strong></span> <span class='ocrx_word' id='word_1_98' title='bbox 184 1896 371 1959; x_wconf 88' lang='lat' dir='ltr'><strong>nominibus</strong></span> <span class='ocrx_word' id='word_1_99' title='bbox 405 1897 454 1958; x_wconf 91' lang='lat' dir='ltr'><strong>est</strong></span> <span class='ocrx_word' id='word_1_100' title='bbox 486 1893 612 1977; x_wconf 87' lang='lat' dir='ltr'><strong>quinta,</strong></span> <span class='ocrx_word' id='word_1_101' title='bbox 645 1897 678 1956; x_wconf 89' lang='lat' dir='ltr'><strong>et</strong></span> <span class='ocrx_word' id='word_1_102' title='bbox 710 1893 816 1957; x_wconf 87' lang='lat' dir='ltr'><strong>minor</strong></span> <span class='ocrx_word' id='word_1_103' title='bbox 848 1913 923 1976; x_wconf 90' lang='lat' dir='ltr'><strong>pars</strong></span> <span class='ocrx_word' id='word_1_104' title='bbox 956 1893 1024 1959; x_wconf 87' lang='lat' dir='ltr'><strong>eius</strong></span> <span class='ocrx_word' id='word_1_105' title='bbox 1057 1898 1106 1957; x_wconf 88' lang='lat' dir='ltr'><strong>est</strong></span> 
     </span>
     <span class='ocr_line' id='line_1_18' title="bbox 89 1998 1108 2085; baseline -0.001 -21"><span class='ocrx_word' id='word_1_106' title='bbox 89 2003 177 2083; x_wconf 85' lang='grc' dir='ltr'><strong>ΕΛ,</strong></span> <span class='ocrx_word' id='word_1_107' title='bbox 209 2006 279 2065; x_wconf 86' lang='grc' dir='ltr'><strong>ΕΔ</strong></span> <span class='ocrx_word' id='word_1_108' title='bbox 307 2005 339 2065; x_wconf 90' lang='lat' dir='ltr'><strong>et</strong></span> <span class='ocrx_word' id='word_1_109' title='bbox 365 2005 431 2065; x_wconf 89' lang='lat' dir='ltr'><strong>AB</strong></span> <span class='ocrx_word' id='word_1_110' title='bbox 463 1999 668 2085; x_wconf 81' lang='lat' dir='ltr'><strong>longitudine</strong></span> <span class='ocrx_word' id='word_1_111' title='bbox 696 1998 1003 2064; x_wconf 80' lang='lat' dir='ltr'><strong>commensurabiles</strong></span> <span class='ocrx_word' id='word_1_112' title='bbox 1031 2003 1108 2063; x_wconf 91' lang='lat' dir='ltr'><strong>sunt</strong></span> 
     </span>
     <span class='ocr_line' id='line_1_19' title="bbox 90 2105 1107 2187; baseline -0.002 -17"><span class='ocrx_word' id='word_1_113' title='bbox 90 2105 179 2187; x_wconf 86' lang='lat' dir='ltr'><strong>[deff.</strong></span> <span class='ocrx_word' id='word_1_114' title='bbox 199 2107 254 2173; x_wconf 91' lang='lat' dir='ltr'><strong>alt.</strong></span> <span class='ocrx_word' id='word_1_115' title='bbox 270 2106 314 2187; x_wconf 84' lang='lat'><strong>5].</strong></span> <span class='ocrx_word' id='word_1_116' title='bbox 350 2128 464 2171; x_wconf 90' lang='lat' dir='ltr'><strong>uerum</strong></span> <span class='ocrx_word' id='word_1_117' title='bbox 483 2108 559 2187; x_wconf 82' lang='grc' dir='ltr'><strong>ΑΕ,</strong></span> <span class='ocrx_word' id='word_1_118' title='bbox 575 2110 644 2169; x_wconf 86' lang='grc' dir='ltr'><strong>ΕΔ</strong></span> <span class='ocrx_word' id='word_1_119' title='bbox 661 2105 1003 2170; x_wconf 88' lang='lat' dir='ltr'><strong>incommensurabiles</strong></span> <span class='ocrx_word' id='word_1_120' title='bbox 1022 2112 1107 2171; x_wconf 89' lang='lat' dir='ltr'><strong>sunt.</strong></span> 
     </span>
     <span class='ocr_line' id='line_1_20' title="bbox 89 2211 1106 2296; baseline 0.001 -20"><span class='ocrx_word' id='word_1_121' title='bbox 89 2233 192 2296; x_wconf 88' lang='lat' dir='ltr'><strong>quare</strong></span> <span class='ocrx_word' id='word_1_122' title='bbox 215 2213 313 2277; x_wconf 90' lang='lat' dir='ltr'><strong>etiam</strong></span> <span class='ocrx_word' id='word_1_123' title='bbox 340 2216 421 2295; x_wconf 88' lang='lat' dir='ltr'><strong>AB,</strong></span> <span class='ocrx_word' id='word_1_124' title='bbox 445 2216 514 2276; x_wconf 83' lang='grc' dir='ltr'><strong>ΑΕ</strong></span> <span class='ocrx_word' id='word_1_125' title='bbox 539 2211 742 2296; x_wconf 80' lang='lat' dir='ltr'><strong>longitudine</strong></span> <span class='ocrx_word' id='word_1_126' title='bbox 766 2211 1106 2278; x_wconf 85' lang='lat' dir='ltr'><strong>incommensurabiles</strong></span> 
     </span>
     <span class='ocr_line' id='line_1_21' title="bbox 91 2313 1108 2404; baseline -0.001 -22"><span class='ocrx_word' id='word_1_127' title='bbox 91 2321 173 2382; x_wconf 90' lang='lat' dir='ltr'><strong>sunt</strong></span> <span class='ocrx_word' id='word_1_128' title='bbox 187 2319 292 2402; x_wconf 89' lang='lat' dir='ltr'><strong>[prop.</strong></span> <span class='ocrx_word' id='word_1_129' title='bbox 306 2314 442 2404; x_wconf 82' lang='lat' dir='ltr'><strong>xl11].¹)</strong></span> <span class='ocrx_word' id='word_1_130' title='bbox 480 2317 590 2400; x_wconf 88' lang='lat' dir='ltr'><strong>itaque</strong></span> <span class='ocrx_word' id='word_1_131' title='bbox 609 2319 687 2399; x_wconf 82' lang='grc' dir='ltr'><strong>ΑΚ,</strong></span> <span class='ocrx_word' id='word_1_132' title='bbox 706 2317 768 2381; x_wconf 93' lang='lat' dir='ltr'><strong>hoc</strong></span> <span class='ocrx_word' id='word_1_133' title='bbox 787 2320 836 2381; x_wconf 91' lang='lat' dir='ltr'><strong>est</strong></span> <span class='ocrx_word' id='word_1_134' title='bbox 855 2320 936 2380; x_wconf 92' lang='lat' dir='ltr'><strong>MN</strong></span> <span class='ocrx_word' id='word_1_135' title='bbox 939 2313 950 2351; x_wconf 70' lang='lat'>²</span> <span class='ocrx_word' id='word_1_136' title='bbox 962 2320 1002 2399; x_wconf 86' lang='lat'><strong>-[-</strong></span> <span class='ocrx_word' id='word_1_137' title='bbox 1014 2316 1108 2401; x_wconf 56' lang='grc' dir='ltr'><strong>ΝΞῖ,</strong></span> 
     </span>
     <span class='ocr_line' id='line_1_22' title="bbox 89 2421 1108 2509; baseline 0 -21"><span class='ocrx_word' id='word_1_138' title='bbox 89 2423 235 2488; x_wconf 89' lang='lat' dir='ltr'><strong>medium</strong></span> <span class='ocrx_word' id='word_1_139' title='bbox 260 2429 310 2489; x_wconf 88' lang='lat' dir='ltr'><strong>est</strong></span> <span class='ocrx_word' id='word_1_140' title='bbox 334 2427 438 2509; x_wconf 90' lang='lat' dir='ltr'><strong>[prop.</strong></span> <span class='ocrx_word' id='word_1_141' title='bbox 462 2421 564 2503; x_wconf 91' lang='lat' dir='ltr'><strong>XXI].</strong></span> <span class='ocrx_word' id='word_1_142' title='bbox 610 2426 643 2486; x_wconf 91' lang='lat' dir='ltr'><strong>et</strong></span> <span class='ocrx_word' id='word_1_143' title='bbox 665 2423 817 2506; x_wconf 90' lang='lat' dir='ltr'><strong>quoniam</strong></span> <span class='ocrx_word' id='word_1_144' title='bbox 841 2427 922 2506; x_wconf 82' lang='grc' dir='ltr'><strong>ΛΕ,</strong></span> <span class='ocrx_word' id='word_1_145' title='bbox 945 2426 1023 2505; x_wconf 83' lang='grc' dir='ltr'><strong>ΑΒ,</strong></span> <span class='ocrx_word' id='word_1_146' title='bbox 1045 2422 1108 2488; x_wconf 91' lang='lat' dir='ltr'><strong>hoc</strong></span> 
     </span>
     <span class='ocr_line' id='line_1_23' title="bbox 90 2527 1109 2614; baseline -0.002 -20"><span class='ocrx_word' id='word_1_147' title='bbox 90 2534 143 2595; x_wconf 90' lang='lat' dir='ltr'><strong>est</strong></span> <span class='ocrx_word' id='word_1_148' title='bbox 171 2533 253 2611; x_wconf 86' lang='grc' dir='ltr'><strong>ΔΕ,</strong></span> <span class='ocrx_word' id='word_1_149' title='bbox 277 2534 360 2612; x_wconf 85' lang='grc' dir='ltr'><strong>ΕΚ,</strong></span> <span class='ocrx_word' id='word_1_150' title='bbox 392 2527 596 2614; x_wconf 83' lang='lat' dir='ltr'><strong>longitudine</strong></span> <span class='ocrx_word' id='word_1_151' title='bbox 624 2528 930 2593; x_wconf 86' lang='lat' dir='ltr'><strong>commensurabiles</strong></span> <span class='ocrx_word' id='word_1_152' title='bbox 959 2532 1048 2609; x_wconf 80' lang='lat' dir='ltr'><strong>sunt,</strong></span> <span class='ocrx_word' id='word_1_153' title='bbox 1076 2538 1109 2592; x_wconf 91' lang='lat' dir='ltr'><strong>et</strong></span> 
     </span>
     <span class='ocr_line' id='line_1_24' title="bbox 94 2635 1108 2717; baseline -0.003 -16"><span class='ocrx_word' id='word_1_154' title='bbox 94 2640 171 2717; x_wconf 84' lang='lat' dir='ltr'><strong>AE,</strong></span> <span class='ocrx_word' id='word_1_155' title='bbox 191 2639 253 2700; x_wconf 83' lang='grc' dir='ltr'><strong>ΕΖ</strong></span> <span class='ocrx_word' id='word_1_156' title='bbox 276 2635 591 2716; x_wconf 83' lang='lat' dir='ltr'><strong>commensurabiles,</strong></span> <span class='ocrx_word' id='word_1_157' title='bbox 615 2636 712 2698; x_wconf 87' lang='lat' dir='ltr'><strong>etiam</strong></span> <span class='ocrx_word' id='word_1_158' title='bbox 732 2639 804 2716; x_wconf 83' lang='grc' dir='ltr'><strong>ΕΖ,</strong></span> <span class='ocrx_word' id='word_1_159' title='bbox 823 2637 891 2698; x_wconf 83' lang='grc' dir='ltr'><strong>ΕΚ</strong></span> <span class='ocrx_word' id='word_1_160' title='bbox 911 2655 1108 2698; x_wconf 89' lang='lat' dir='ltr'><strong>commensu-</strong></span> 
     </span>
     <span class='ocr_line' id='line_1_25' title="bbox 89 2739 1107 2825; baseline -0.001 -19"><span class='ocrx_word' id='word_1_161' title='bbox 89 2743 214 2808; x_wconf 87' lang='lat' dir='ltr'><strong>rabiles</strong></span> <span class='ocrx_word' id='word_1_162' title='bbox 238 2745 315 2805; x_wconf 91' lang='lat' dir='ltr'><strong>sunt</strong></span> <span class='ocrx_word' id='word_1_163' title='bbox 335 2743 438 2825; x_wconf 87' lang='lat' dir='ltr'><strong>[prop.</strong></span> <span class='ocrx_word' id='word_1_164' title='bbox 452 2739 539 2821; x_wconf 89' lang='grc' dir='ltr'><strong>ΧΙῙ].</strong></span> <span class='ocrx_word' id='word_1_165' title='bbox 578 2745 610 2804; x_wconf 88' lang='lat' dir='ltr'><strong>ct</strong></span> <span class='ocrx_word' id='word_1_166' title='bbox 629 2744 698 2804; x_wconf 85' lang='grc' dir='ltr'><strong>ΕΚ</strong></span> <span class='ocrx_word' id='word_1_167' title='bbox 714 2741 883 2804; x_wconf 84' lang='lat' dir='ltr'><strong>rationalis</strong></span> <span class='ocrx_word' id='word_1_168' title='bbox 904 2743 961 2804; x_wconf 89' lang='lat' dir='ltr'><strong>est.</strong></span> <span class='ocrx_word' id='word_1_169' title='bbox 997 2741 1107 2824; x_wconf 87' lang='lat' dir='ltr'><strong>itaque</strong></span> 
     </span>
     <span class='ocr_line' id='line_1_26' title="bbox 93 2843 1177 2928; baseline 0.001 -16"><span class='ocrx_word' id='word_1_170' title='bbox 93 2843 289 2928; x_wconf 67' lang='lat' dir='ltr'><strong>etiam&#39;EA,</strong></span> <span class='ocrx_word' id='word_1_171' title='bbox 312 2845 374 2911; x_wconf 92' lang='lat' dir='ltr'><strong>hoc</strong></span> <span class='ocrx_word' id='word_1_172' title='bbox 393 2851 443 2911; x_wconf 91' lang='lat' dir='ltr'><strong>est</strong></span> <span class='ocrx_word' id='word_1_173' title='bbox 461 2851 536 2911; x_wconf 91' lang='lat' dir='ltr'><strong>MP</strong></span> <span class='ocrx_word' id='word_1_174' title='bbox 555 2847 623 2911; x_wconf 91' lang='lat' dir='ltr'><strong>siue</strong></span> <span class='ocrx_word' id='word_1_175' title='bbox 647 2847 728 2909; x_wconf 91' lang='lat' dir='ltr'><strong>MN</strong></span> <span class='ocrx_word' id='word_1_176' title='bbox 733 2861 776 2912; x_wconf 94' lang='lat'><strong>&gt;&lt;</strong></span> <span class='ocrx_word' id='word_1_177' title='bbox 785 2846 859 2927; x_wconf 80' lang='grc' dir='ltr'><strong>ΝΞ,</strong></span> <span class='ocrx_word' id='word_1_178' title='bbox 882 2846 1042 2912; x_wconf 88' lang='lat' dir='ltr'><strong>rationale</strong></span> <span class='ocrx_word' id='word_1_179' title='bbox 1059 2851 1111 2913; x_wconf 87' lang='lat' dir='ltr'><strong>est</strong></span> <span class='ocrx_word' id='word_1_180' title='bbox 1169 2884 1177 2913; x_wconf 71' lang='grc' dir='ltr'><strong>ι.</strong></span> 
     </span>
     <span class='ocr_line' id='line_1_27' title="bbox 98 2934 1177 3039; baseline 0.001 -23"><span class='ocrx_word' id='word_1_181' title='bbox 98 2955 205 3039; x_wconf 88' lang='lat' dir='ltr'><strong>[prop.</strong></span> <span class='ocrx_word' id='word_1_182' title='bbox 228 2951 339 3034; x_wconf 88' lang='lat' dir='ltr'><strong>XIX].</strong></span> <span class='ocrx_word' id='word_1_183' title='bbox 389 2953 499 3036; x_wconf 90' lang='lat' dir='ltr'><strong>iaque</strong></span> <span class='ocrx_word' id='word_1_184' title='bbox 526 2956 621 3034; x_wconf 88' lang='lat' dir='ltr'><strong>MN,</strong></span> <span class='ocrx_word' id='word_1_185' title='bbox 644 2952 714 3025; x_wconf 78' lang='grc' dir='ltr'><strong>ΝΞ</strong></span> <span class='ocrx_word' id='word_1_186' title='bbox 738 2953 886 3035; x_wconf 90' lang='lat' dir='ltr'><strong>potentia</strong></span> <span class='ocrx_word' id='word_1_187' title='bbox 913 2955 1109 3019; x_wconf 88' lang='lat' dir='ltr'><strong>incommen·</strong></span> <span class='ocrx_word' id='word_1_188' title='bbox 1169 2934 1177 2947; x_wconf 44' lang='lat'><strong>&#39;⁵</strong></span> 
     </span>
     <span class='ocr_line' id='line_1_28' title="bbox 97 3058 1113 3142; baseline 0 -18"><span class='ocrx_word' id='word_1_189' title='bbox 97 3059 255 3124; x_wconf 80' lang='lat' dir='ltr'><strong>curabiles</strong></span> <span class='ocrx_word' id='word_1_190' title='bbox 279 3063 356 3122; x_wconf 92' lang='lat' dir='ltr'><strong>sunt</strong></span> <span class='ocrx_word' id='word_1_191' title='bbox 379 3080 538 3122; x_wconf 91' lang='lat' dir='ltr'><strong>summam</strong></span> <span class='ocrx_word' id='word_1_192' title='bbox 563 3058 795 3142; x_wconf 87' lang='lat' dir='ltr'><strong>quadratorum</strong></span> <span class='ocrx_word' id='word_1_193' title='bbox 819 3079 951 3122; x_wconf 90' lang='lat' dir='ltr'><strong>suorum</strong></span> <span class='ocrx_word' id='word_1_194' title='bbox 970 3059 1113 3124; x_wconf 86' lang='lat' dir='ltr'><strong>mediam</strong></span> 
     </span>
     <span class='ocr_line' id='line_1_29' title="bbox 93 3163 851 3248; baseline -0.003 -18"><span class='ocrx_word' id='word_1_195' title='bbox 93 3164 280 3246; x_wconf 86' lang='lat' dir='ltr'><strong>afficientes,</strong></span> <span class='ocrx_word' id='word_1_196' title='bbox 303 3165 527 3248; x_wconf 86' lang='lat' dir='ltr'><strong>rectangulum</strong></span> <span class='ocrx_word' id='word_1_197' title='bbox 552 3168 659 3228; x_wconf 88' lang='lat' dir='ltr'><strong>autem</strong></span> <span class='ocrx_word' id='word_1_198' title='bbox 682 3163 851 3229; x_wconf 88' lang='lat' dir='ltr'><strong>rationale.</strong></span> 
     </span>
    </p>
   </div>
   <div class='ocr_carea' id='block_1_6' title="bbox 95 3351 1128 3613">
    <p class='ocr_par' dir='ltr' id='par_1_8' title="bbox 95 3351 1128 3613">
     <span class='ocr_line' id='line_1_30' title="bbox 168 3351 1128 3477; baseline 0.001 -69"><span class='ocrx_word' id='word_1_199' title='bbox 168 3355 195 3422; x_wconf 89' lang='lat'><strong>1)</strong></span> <span class='ocrx_word' id='word_1_200' title='bbox 215 3353 283 3408; x_wconf 79' lang='lat' dir='ltr'><strong>(lum</strong></span> <span class='ocrx_word' id='word_1_201' title='bbox 302 3352 352 3407; x_wconf 89' lang='lat' dir='ltr'><strong>lin.</strong></span> <span class='ocrx_word' id='word_1_202' title='bbox 372 3358 405 3408; x_wconf 80' lang='lat'><strong>13</strong></span> <span class='ocrx_word' id='word_1_203' title='bbox 424 3351 490 3423; x_wconf 74' lang='grc' dir='ltr'><strong>ἄρα,</strong></span> <span class='ocrx_word' id='word_1_204' title='bbox 509 3355 586 3477; x_wconf 75' lang='lat' dir='ltr'><strong>quod</strong></span> <span class='ocrx_word' id='word_1_205' title='bbox 604 3355 666 3408; x_wconf 89' lang='lat' dir='ltr'><strong>edd.</strong></span> <span class='ocrx_word' id='word_1_206' title='bbox 686 3357 751 3423; x_wconf 85' lang='lat' dir='ltr'><strong>post</strong></span> <span class='ocrx_word' id='word_1_207' title='bbox 768 3361 790 3408; x_wconf 91' lang='lat' dir='ltr'><em>A</em></span> <span class='ocrx_word' id='word_1_208' title='bbox 797 3358 821 3407; x_wconf 83' lang='lat' dir='ltr'>E</span> <span class='ocrx_word' id='word_1_209' title='bbox 839 3353 959 3422; x_wconf 86' lang='lat' dir='ltr'><strong>habent,</strong></span> <span class='ocrx_word' id='word_1_210' title='bbox 977 3353 1009 3410; x_wconf 88' lang='lat' dir='ltr'><strong>in</strong></span> <span class='ocrx_word' id='word_1_211' title='bbox 1115 3374 1128 3395; x_wconf 94' lang='grc'><strong>-·</strong></span> 
     </span>
     <span class='ocr_line' id='line_1_31' title="bbox 95 3352 1128 3613; baseline -0.004 -133"><span class='ocrx_word' id='word_1_212' title='bbox 95 3424 251 3491; x_wconf 84' lang='lat' dir='ltr'><strong>omittatur,</strong></span> <span class='ocrx_word' id='word_1_213' title='bbox 271 3423 359 3479; x_wconf 88' lang='lat' dir='ltr'><strong>malui</strong></span> <span class='ocrx_word' id='word_1_214' title='bbox 377 3425 470 3479; x_wconf 88' lang='lat' dir='ltr'><strong>delere</strong></span> <span class='ocrx_word' id='word_1_215' title='bbox 489 3445 507 3476; x_wconf 84' lang='grc' dir='ltr'><strong>α</strong></span> <span class='ocrx_word' id='word_1_216' title='bbox 539 3430 588 3478; x_wconf 83' lang='grc' dir='ltr'><strong>ΒΑ</strong></span> <span class='ocrx_word' id='word_1_217' title='bbox 608 3456 640 3466; x_wconf 91' lang='grc'>-</span> <span class='ocrx_word' id='word_1_218' title='bbox 660 3423 709 3480; x_wconf 89' lang='lat' dir='ltr'><strong>lin.</strong></span> <span class='ocrx_word' id='word_1_219' title='bbox 730 3422 948 3496; x_wconf 64' lang='lat' dir='ltr'><strong>urbanasque.</strong></span> <span class='ocrx_word' id='word_1_220' title='bbox 1026 3352 1128 3613; x_wconf 56' lang='grc' dir='ltr'>Ἳ</span> 
     </span>
    </p>
   </div>
   <div class='ocr_carea' id='block_1_7' title="bbox 145 3587 990 3652">
    <p class='ocr_par' dir='ltr' id='par_1_9' title="bbox 145 3587 990 3652">
     <span class='ocr_line' id='line_1_32' title="bbox 145 3587 990 3652; baseline 0.033 -26"><span class='ocrx_word' id='word_1_221' title='bbox 145 3589 289 3641; x_wconf 69' lang='lat' dir='ltr'><strong>uuonan,</strong></span> <span class='ocrx_word' id='word_1_222' title='bbox 303 3591 354 3633; x_wconf 82' lang='lat' dir='ltr'><strong>edd.</strong></span> <span class='ocrx_word' id='word_1_223' title='bbox 367 3593 477 3645; x_wconf 78' lang='lat' dir='ltr'><strong>Helberg</strong></span> <span class='ocrx_word' id='word_1_224' title='bbox 492 3600 517 3638; x_wconf 87' lang='lat' dir='ltr'><strong>st</strong></span> <span class='ocrx_word' id='word_1_225' title='bbox 530 3599 627 3652; x_wconf 80' lang='lat' dir='ltr'><strong>Mengo.</strong></span> <span class='ocrx_word' id='word_1_226' title='bbox 658 3604 707 3644; x_wconf 85' lang='lat' dir='ltr'><strong>m.</strong></span> <span class='ocrx_word' id='word_1_227' title='bbox 948 3587 990 3636; x_wconf 61' lang='lat' dir='ltr'>ss</span> 
     </span>
    </p>
   </div>
   <div class='ocr_carea' id='block_1_8' title="bbox 0 0 1199 3832">
    <p class='ocr_par' dir='ltr' id='par_1_10' title="bbox 0 0 1199 3832">
     <span class='ocr_line' id='line_1_33' title="bbox 0 0 1199 3832; baseline 0 0"><span class='ocrx_word' id='word_1_228' title='bbox 0 0 1199 3832; x_wconf 95' lang='lat' dir='ltr'><strong> </strong></span> 
     </span>
    </p>
   </div>
  </div>
 </body>
</html>
