2378 3832
491 169 681 221 manuum.
1029 164 1095 230 415

81 313 194 378 milem
227 316 259 376 et
288 312 437 376 similiter
465 304 659 396 descriptam
689 309 764 392 [VI‚
790 311 830 374 19
855 311 996 394 coroll.]‚
1028 311 1096 375 siue

85 419 245 504 quadrata
269 422 345 483 sunt
368 418 491 504 figurae
515 418 695 502 descriptae
719 417 789 481 siue
808 417 891 481 aliae
910 418 1096 482 rectilineae

91 563 112 610 A
143 563 169 612 Γ
199 563 221 611 B
273 525 396 589 similes
420 525 489 589 siue
514 523 624 589 circuli
650 524 771 590 circum
795 523 971 588 diametros
994 525 1095 607 Α,Γ,

92 631 109 638 ”
144 631 163 638 ’
200 630 218 636 “
273 631 426 715 quoniam
441 630 553 695 circuli
568 652 639 695 eam
653 630 737 694 inter
748 630 951 694 serationem
964 629 1096 712 habent,

273 760 369 822 quam
394 736 551 821 quadrata
575 736 803 802 diametrorum
829 735 914 820 [XIL
936 736 982 816 2}
1019 756 1096 820 ergo

199 853 217 861 “
272 844 371 908 etiam
403 844 503 928 plana
535 842 642 926 spatia
679 843 764 906 inter
797 864 830 906 se
861 843 1096 934 incommensu-

145 957 163 965 “
271 950 388 1015 rabilia
425 950 559 1014 inuenta
601 954 694 1032 sunt3
739 947 823 1033 quod
861 952 931 1013 erat
967 947 1097 1012 demon-

272 1055 448 1120 strandum.

42 1205 44 1208 >
158 1162 305 1227 Inuentis
346 1162 413 1225 iam
455 1161 569 1244 spatiis
611 1181 738 1245 quoque
780 1160 919 1224 diuersis
961 1160 1096 1224 duarum

84 1269 324 1333 dimensionum
355 1266 735 1332 incommensurabilibus
767 1287 825 1349 per
858 1287 909 1349 ea,
941 1286 1023 1350 quae
1057 1265 1097 1329 ad

83 1374 245 1440 theoriam
269 1373 444 1439 solidorum
467 1373 641 1457 pertinent,
665 1372 968 1456 demonstrabimus,
991 1371 1096 1437 solida

84 1502 212 1565 quoque
237 1501 307 1545 esse
330 1478 416 1544 inter
444 1501 478 1543 se
508 1479 812 1544 commensurabilia
843 1481 876 1542 et
903 1479 1097 1544 incommen-

85 1586 252 1652 surabilis.
305 1587 333 1650 si
360 1586 447 1650 enim
475 1586 508 1649 in
537 1586 702 1670 quadratis
730 1589 891 1650 rectarum
919 1591 965 1667 A,
989 1589 1017 1649 Β
1045 1585 1098 1649 uel

83 1693 200 1777 figuris
224 1692 400 1780 rectilineis
423 1691 464 1755 iis
488 1692 677 1775 aequalibus
701 1692 805 1758 solida
823 1691 1097 1757 construxerimus

84 1798 228 1863 eiusdem
252 1798 432 1863 altitudinis
460 1798 512 1860 uel
534 1797 810 1882 parallelepipeda
832 1798 885 1860 uel
907 1796 1096 1881 pyramidas

83 1904 138 1966 uel
160 1904 327 1988 prismata,
352 1904 456 1968 solida
479 1907 666 1968 constructa
689 1926 761 1968 eam
779 1892 918 1968 intorte
936 1902 1097 1968 rationem

83 2008 260 2094 habebunt,
284 2032 382 2095 quam
401 2010 496 2074 bases
522 2008 656 2091 [X1,32.
679 2008 752 2094 XII,
767 2010 800 2095 ὃς
822 2010 867 2091 6].
903 2012 936 2073 et
955 2010 982 2074 si
1001 2009 1096 2074 bases

85 2116 394 2181 commensurabiles
418 2119 494 2180 sunt
501 2166 510 2199 ‚
537 2116 636 2180 etiam
664 2116 767 2180 solida
792 2115 1098 2181 commensurabilia

85 2223 189 2304 erunt,
209 2221 259 2285 sin
272 2221 626 2305 incommensurabiles,
639 2222 977 2287 incommensurabilis
993 2224 1096 2306 [prop.

84 2322 161 2409 x1];
185 2328 270 2410 quod
295 2331 365 2392 erat
387 2328 683 2392 demonstrandum.

152 2435 320 2513 praeterea
342 2433 370 2496 si
389 2439 431 2516 A,
451 2437 479 2497 Β
504 2433 566 2497 duo
590 2434 702 2499 circuli
725 2438 809 2513 sunt,
833 2435 860 2498 si
882 2435 917 2498 in
938 2435 979 2499 iis
998 2456 1097 2499 conos

85 2535 139 2600 uel
164 2535 326 2618 cylindros
350 2539 493 2603 ciusdem
518 2540 699 2604 altitudinis
719 2540 1002 2624 construxerimus,
1026 2562 1097 2605 eam

84 2643 171 2705 inter
186 2662 220 2704 se
234 2641 394 2707 rationem
408 2644 586 2728 habebunt,
605 2668 702 2730 quam
722 2647 825 2728 bases,
848 2644 910 2709 hoc
930 2649 980 2709 est
999 2669 1097 2730 quam

88 2745 199 2810 circuli
222 2752 264 2830 A,
287 2750 315 2810 B
341 2747 425 2834 [XIL
446 2751 511 2831 11].
548 2755 581 2814 et
604 2752 632 2815 si
655 2751 766 2816 circuli
789 2751 1097 2816 commensurabiles

86 2857 171 2932 sunt,
196 2852 295 2917 etiam
319 2855 393 2919 coni
414 2855 614 2940 cylindriquc
633 2856 719 2920 inter
739 2878 772 2921 se
792 2857 1096 2922 commensurabiles

88 3101 102 3150 1
116 3096 150 3150 V.
208 3102 249 3152 16.
264 3092 441 3167 ἀσύμμετροί
448 3097 518 3153 εἰσιν
533 3097 566 3153 αἱ
573 3097 670 3168 βάσεις
684 3102 716 3156 V.
773 3108 814 3156 17.
830 3096 901 3171 ὅπερ
917 3099 975 3157 ἔδει
990 3103 1081 3167 δεῖξαι

85 3181 139 3220 om.
159 3165 243 3222 BFb.
326 3174 367 3223 18.
392 3166 455 3238 (ιη’
475 3169 507 3226 Β.
588 3171 716 3243 κύκλων]
739 3172 769 3226 in
786 3189 840 3227 ras.
860 3173 892 3229 V.
974 3177 1017 3227 20.
1041 3169 1078 3235 ὡς

85 3252 139 3291 om.
159 3236 193 3303 P,
218 3256 254 3291 m.
274 3244 290 3292 2
314 3237 348 3294 V.
430 3240 499 3294 Post
517 3242 567 3296 alt.
587 3238 624 3304 ὡς
646 3260 700 3297 ras.
720 3249 736 3297 3
755 3242 809 3299 litt.
830 3243 863 3298 V.
946 3249 988 3297 21.
1013 3241 1083 3298 εἰσιν

85 3303 196 3393 glev‘V.
278 3314 320 3365 22.
344 3311 410 3381 καί]
435 3327 489 3366 om.
507 3311 539 3367 B.
616 3314 664 3384 τε]
683 3331 736 3368 om.
757 3315 783 3370 b.
860 3310 929 3383 πρὸς
948 3307 1082 3381 ἀλλήλους

82 3380 214 3446 attolere
232 3378 313 3432 BFb.
