2378 3832
115 159 181 224 320
501 159 702 212 ΣΤΟΙΧΕΙΩΝ
721 156 748 213 ι’.

115 305 160 390 τῷ
184 298 249 368 άπὸ
273 304 332 386 τῆς
350 306 426 385 ΑΒ,
451 303 569 368 λοιπὸν
592 298 658 385 άρα
681 298 719 367 τὸ
739 306 803 366 ΖΛ
826 306 903 367 ἴσον
920 299 997 368 ’ἐστὶ
1015 302 1061 390 τῷ
1080 299 1130 378 δὶς

116 405 181 475 ὑπὸ
205 410 274 475 τῶν
298 413 380 491 ΑΗ,
400 413 476 475 ΗΒ.
522 404 696 492 τετμήσθω
721 398 784 474 οὖν
807 404 828 493 ἡ
853 412 931 474 ΖΜ
949 408 1028 493 δίχα
1050 404 1131 474 κατά

116 512 154 581 τὸ
174 521 207 580 Ν
226 527 376 600 σημεῖον,
399 512 454 580 καὶ
478 511 574 600 ἤχθω
598 511 655 579 διὰ
674 516 734 580 τοῦ
753 519 792 581 Ν
810 509 955 603 ὁποτέρᾳ
974 515 1042 580 τῶν
1062 516 1132 596 ΓΛ,

117 625 193 687 ΜΛ
217 618 428 707 παράλληλος
450 614 471 704 ἡ
495 620 574 694 ΝΞ·
605 617 763 705 ἑκάτερον
786 615 852 706 ἅμα
874 621 943 685 τῶν
968 619 1039 702 ΖΞ,
1064 623 1132 684 ΝΛ

83 733 194 797 σῖσον
218 727 287 793 ἐστὶ
309 729 353 816 τῷ
378 721 444 793 ὑπὸ
467 728 536 792 τῶν
559 731 638 812 ΑΗ,
657 731 735 794 ΗΒ.
770 724 827 792 καὶ
850 724 920 792 ἐπεὶ
938 722 975 791 τὸ
998 723 1052 804 δὶς
1070 720 1132 791 ὑπὸ

117 836 185 900 τῶν
209 838 287 916 ΑΗ,
302 838 370 899 ΗΒ
394 833 497 918 μέσον
521 831 590 898 ἐστὶ
613 837 672 899 καί
692 833 783 900 ἐστιν
807 839 883 899 ἴσον
906 833 951 922 τῷ
977 835 1056 916 ΖΛ,
1078 829 1130 896 καὶ

117 935 155 1006 τὸ
185 944 249 1005 ΖΛ
276 935 341 1023 άρά
369 938 472 1024 μέσον
500 939 600 1007 ἐστίν.
646 938 702 1006 καὶ
728 937 818 1025 παρὰ
847 936 953 1025 ῥητὴν
981 935 1046 1022 τὴν
1076 941 1133 1002 ΖΒ

118 1043 314 1132 παράκειται
338 1042 462 1122 πλάτος
488 1054 611 1112 ποιοῦν
638 1043 701 1130 τὴν
725 1051 809 1111 ΖΜ·
847 1041 929 1130 ῥητὴ
955 1041 1021 1128 άρα
1047 1041 1131 1110 ἐστὶν

119 1149 139 1236 ἡ
159 1158 236 1217 ΖΜ
254 1150 309 1217 καὶ
333 1146 542 1237 ἀσύμμετρος
564 1154 604 1238 τῇ
624 1155 687 1218 ΓΔ
705 1149 810 1237 μήκει.
847 1150 904 1218 καὶ
928 1149 997 1219 ἐπεὶ
1016 1175 1056 1217 το
1076 1148 1131 1234 μὲν

69 1281 102 1329 10
122 1261 340 1343 συγκείμενον
364 1258 401 1324 ἐκ
422 1260 490 1324 τῶν
520 1253 585 1324 άπὸ
610 1267 677 1325 τῶν
704 1264 782 1342 ΑΗ,
806 1263 874 1324 ΗΒ
902 1257 1006 1342 ῥητόν
1036 1255 1131 1339 ἐστιν,

119 1362 157 1432 τὸ
182 1364 219 1430 δὲ
243 1362 296 1441 δὶς
317 1360 383 1429 ὑπὸ
407 1365 475 1430 τῶν
499 1369 581 1448 ΑΗ,
596 1369 664 1430 ΗΒ
688 1365 800 1451 μέσον,
823 1361 1019 1449 άσάμμετμα
1045 1359 1132 1447 [ἅμα]

121 1469 189 1537 ἐστὶ
212 1471 253 1537 τά
276 1465 341 1535 άπὸ
365 1471 433 1535 τῶν
457 1476 532 1551 ΑΗ,
550 1474 615 1537 ΗΒ
638 1473 683 1560 τῷ
709 1470 760 1550 δὶς
782 1467 849 1537 ὑπὸ
872 1473 941 1537 τῶν
966 1475 1046 1553 ΑΗ,
1060 1474 1133 1534 ΗΒ.

122 1585 198 1644 ἴσον
222 1575 262 1643 δέ
284 1575 380 1660 [ἐστι]
404 1574 443 1644 τὸ
467 1581 527 1642 ΓΛ
548 1589 619 1655 τοῖς
642 1575 707 1644 άπὸ
731 1581 800 1645 τῶν
823 1583 905 1661 ΑΗ,
920 1581 1006 1660 ΗΒ,
1030 1578 1076 1666 τῷ
1101 1573 1135 1641 δὲ

122 1683 174 1763 δὶς
196 1679 262 1749 ὑπὸ
286 1685 354 1748 τῶν
378 1688 460 1768 ΑΗ,
475 1688 543 1749 ΗΒ
568 1689 644 1750 ἴσον
666 1682 705 1751 τὸ
730 1690 806 1750 ΖΛ·
836 1679 1051 1769 ἀσύμμετρον
1074 1679 1135 1767 άρν

70 1813 103 1862 15
123 1788 219 1874 [ἐστὶ]
249 1789 286 1854 τὸ
311 1792 376 1855 ΓΛ
403 1791 449 1880 τῷ
474 1795 546 1855 ΖΛ.
593 1785 638 1867 ὡς
665 1787 703 1856 δὲ
730 1789 767 1857 τὸ
794 1794 859 1856 ΓΛ
888 1786 971 1876 πρὸς
997 1792 1037 1856 τὸ
1066 1793 1135 1870 ΖΛ,

122 1895 229 1975 οὕτως
252 1894 342 1963 ἐστὶν
371 1890 391 1981 ἡ
415 1900 493 1962 ΓΜ
516 1897 599 1982 πρὸς
626 1893 689 1982 τὴν
711 1901 795 1963 ΜΖ·
837 1892 1048 1982 ἀσύμμετρος
1075 1892 1136 1981 άρο

123 2003 213 2070 ἐστὶν
232 1997 252 2088 ἡ
273 2008 348 2070 ΓΜ
364 2005 404 2090 τῇ
423 2007 495 2068 ΜΖ
514 2000 618 2088 μήκει.
646 2007 706 2069 καί
722 2005 808 2070 εἰσιν
827 1998 1014 2089 ἀμφότεραι
1029 2003 1135 2088 ῥηταί·

123 2110 160 2174 αἱ
176 2106 242 2192 άρα
261 2113 344 2194 ΓΜ,
358 2111 430 2176 ΜΖ
454 2109 555 2194 ῥηταί
571 2112 634 2174 εἰσι
655 2109 796 2193 δυνάμει
815 2105 922 2193 μόνον
944 2100 1142 2196 σύμμετροί*

123 2210 273 2299 ἀποτομὴ
297 2211 363 2299 &ipa
387 2213 477 2281 ἐστὶν
501 2210 520 2299 ἡ
545 2218 615 2282 ΓΖ.

71 2342 105 2391 20
192 2320 288 2405 Λέγω
315 2317 398 2405 [ὃή],
422 2316 472 2387 ὅτι
494 2320 550 2386 καὶ
573 2319 719 2408 τετάρτη.

188 2422 276 2492 Ἐπεὶ
300 2422 365 2513 γάρ
389 2427 425 2491 αἱ
446 2432 528 2511 ΑΗ,
548 2433 616 2493 ΗΒ
645 2424 787 2513 δυνάμει
813 2428 899 2495 εἰσὶν
922 2423 1140 2514 ἀσύμμετροι,

124 2530 336 2621 ἀσύμμετρον
360 2528 424 2617 άρα
447 2533 503 2599 καὶ
526 2531 563 2600 τὸ
584 2529 649 2601 άπὸ
667 2537 726 2619 τῆς
740 2539 813 2601 ΑΗ
830 2535 876 2623 τῷ
899 2529 965 2600 ἀπὸ
988 2535 1050 2619 τῆς
1063 2539 1141 2600 ΗΒ.

124 2644 183 2707 καί
203 2641 271 2708 ἐστι
294 2643 339 2732 τῷ
364 2638 425 2726 μὲν
449 2634 514 2705 άπὸ
535 2650 594 2725 τῆς
614 2645 685 2706 ΑΗ
704 2647 780 2707 ἴσον
799 2636 836 2706 τὸ
856 2644 927 2724 ΓΘ,
951 2640 997 2727 τῷ
1018 2637 1056 2706 δὲ
1076 2639 1141 2706 άπὸ

124 2749 182 2830 τῆς
197 2753 264 2814 ΗΒ
289 2754 365 2814 ἴσον
383 2743 421 2814 τὸ
439 2752 475 2812 K
479 2752 521 2811 Λ·
546 2741 760 2832 ἀσύμμετρον
782 2741 848 2829 άρυ
871 2744 940 2811 ἐστὶ
958 2741 996 2811 τὸ
1017 2749 1080 2812 ΓΘ
1097 2749 1141 2835 τῷ

73 2873 106 2920 25
126 2856 205 2916 ΚΛ.
243 2848 287 2930 ὡς
311 2849 348 2918 δὲ
370 2850 408 2918 τὸ
433 2856 495 2918 ΓΘ
517 2849 601 2938 πρὸς
623 2848 661 2918 τὸ
681 2857 765 2937 ΚΛ,
791 2848 897 2930 οὕτως
920 2849 1012 2918 ἐστὶν
1036 2847 1056 2936 ἡ
1077 2856 1145 2917 ΓΚ

126 2956 208 3039 πρὸς
231 2954 293 3041 τὴν
316 2962 405 3023 ΚΜ·
436 2954 646 3044 ἀσύμμετρος
668 2954 735 3044 άρά
759 2953 888 3042 ἐστὶνὴ
912 2960 980 3023 ΓΚ
1001 2960 1041 3045 τῇ
1065 2962 1147 3024 ΚΜ

127 3058 231 3145 μήκει.
277 3061 332 3127 καὶ
356 3062 425 3129 ἐπεὶ
451 3072 517 3130 τῶν
547 3059 613 3129 άπὸ
640 3065 709 3130 τῶν
733 3068 816 3146 ΑΗ,
835 3068 902 3129 ΗΒ
931 3063 1035 3147 μέσον
1063 3060 1143 3131 άνά·

126 3165 230 3249 λομόν
254 3168 321 3233 ἐστι
344 3166 382 3234 τὸ
406 3165 471 3236 ὑπὸ
495 3172 563 3236 τῶν
587 3175 670 3253 ΑΗ,
689 3175 773 3254 ΗΒ,
801 3173 860 3236 καί
881 3170 973 3236 ἐστιν
1000 3177 1077 3237 ἴσον
1106 3167 1141 3238 τὸ

127 3271 189 3356 μὲν
212 3267 277 3338 άπὸ
301 3275 359 3359 τῆς
376 3280 450 3340 AH
468 3284 513 3366 τῷ
533 3281 606 3360 ΓΘ,
629 3273 667 3342 τὸ
693 3274 731 3342 δὲ
750 3272 815 3342 άπὸ
834 3276 892 3360 τῆς
907 3281 976 3343 ΗΒ
995 3286 1041 3367 τῷ
1061 3282 1141 3359 ΚΛ,

198 3438 222 3487 1.
248 3433 304 3506 τῶ]
325 3432 396 3504 (alt.)
419 3433 475 3487 τῶν
494 3432 523 3487 Ρ.
597 3441 622 3488 2.
648 3425 718 3504 οὖν]
742 3425 795 3488 οὖν
813 3435 866 3488 καί
885 3433 916 3489 Ρ.
996 3441 1021 3490 3.
1045 3436 1097 3490 τοῦ
1116 3435 1144 3488 Ν

115 3508 237 3576 σημείου
260 3489 291 3564 V.
370 3513 393 3564 5.
420 3505 497 3579 τῶν]
522 3523 579 3563 om.
595 3506 629 3562 P.
701 3510 728 3558 ἢ.
750 3504 810 3576 τῷχ
828 3521 898 3558 σου.
915 3502 997 3558 οιτὸ
1021 3524 1058 3559 ιο.
1080 3513 1092 3560 1
1112 3504 1140 3558 B.
