2378 3832
108 152 174 216 394
523 156 711 208 ιεεεοοεε.

107 293 319 381 παράλληλος
336 293 433 381 ἤχθω
452 292 473 382 ἡ
494 302 565 363 ΕΖ.
602 293 754 383 φανερὸν
778 288 853 381 οὖν,
877 294 927 364 ὅτι
952 294 998 376 ὡς
1016 293 1038 382 ἡ
1059 304 1128 364 AE

108 399 192 484 πρὸς
214 399 276 487 τὴν
296 409 371 486 ΕΒ,
394 398 501 481 οὕτως
518 399 556 468 τὸ
576 409 607 468 Α
614 409 641 468 Ζ
666 401 1018 490 παραλληλόγραμμον
1044 402 1127 490 πρὸς

107 505 146 574 τὸ
171 513 232 574 ΖΒ
254 507 614 596 παραλληλόγραμμον.
658 513 718 574 καί
743 509 812 575 ἐστι
839 508 877 575 τὸ
905 507 968 596 μὲν
991 513 1062 576 ΑΖ
1089 507 1126 577 τὸ

107 610 174 681 ὑπὸ
197 618 462 700 τῶνΒΑ,ΑΕ·
490 622 546 699 ίση
566 612 629 700 γὰρ
653 611 762 698 ἡΑΓ
780 618 819 702 τῇ
839 622 917 681 AB·
944 612 983 681 τὸ
1005 614 1046 682 δὲ
1067 621 1127 681 ΖΒ

73 718 145 794 ητὸ
169 717 235 788 ὑπὸ
258 724 326 788 τῶν
345 727 421 807 AB,
441 728 517 789 BE·
541 728 597 805 ίση
620 719 685 806 γὰρ
704 717 724 806 ἡ
743 727 810 787 BA
827 730 867 807 τῇ
888 727 963 787 ΑΒ.
993 717 1043 800 ὡς
1063 722 1128 808 ἄρα

107 823 128 911 ἡ
154 834 222 893 AE
251 825 334 913 πρὸς
361 826 423 912 τὴν
447 834 524 910 ΕΒ,
558 822 664 904 οὕτως
691 824 729 893 τὸ
757 823 824 894 ὑπὸ
853 835 921 894 τῶν
950 832 1036 912 BA,
1062 834 1131 893 AB

107 931 190 1017 πρὸς
212 931 250 999 τὸ
273 932 339 999 ὑπὸ
362 936 430 999 τῶν
454 940 530 1017 AB,
554 939 630 999 BE·
659 929 739 1017 ὅπερ
764 935 831 998 ἔθει
856 932 971 1010 δείξαι.

592 1077 640 1140 15.

419 1164 468 1228 Ad
492 1164 564 1229 libr.
586 1163 617 1226 X
641 1185 734 1248 prop.
757 1164 809 1228 34.

539 1270 691 1353 Λῆμμα·

173 1390 251 1459 Ἐὰν
275 1383 337 1459 οἷσι
357 1390 420 1459 δύο
442 1388 573 1459 εὐθεῖαι
593 1389 717 1477 ἄνισοι,
736 1395 848 1480 τμηθῇ
872 1392 909 1459 δὲ
928 1388 948 1477 ἡ
969 1392 1130 1478 ἐλαχίστη

57 1524 90 1573 10
110 1495 221 1564 αὐτῶν
252 1501 299 1576 είς
326 1504 397 1583 ίσα,
429 1495 467 1564 τὸ
496 1494 561 1564 ὑπὸ
590 1500 658 1564 τῶν
688 1495 751 1565 δύο
775 1493 920 1565 εὐθειῶν
945 1498 1130 1565 διπλάσιον

109 1607 200 1670 ἔσται
218 1607 279 1670 τοῦ
298 1607 356 1688 τῆς
379 1609 529 1690 μείζονος
547 1603 602 1670 καὶ
620 1606 679 1688 τῆς
697 1600 848 1689 ἡμισείας
866 1606 925 1688 τῆς
943 1604 1130 1690 ἐλαχίστης.

166 1708 341 1778 Ἔστωσαν
357 1710 418 1778 δύο
435 1707 564 1777 εὐθεῖαι
579 1708 691 1776 ἄνισοι
707 1712 744 1775 αι’
757 1717 832 1793 AB,
848 1714 919 1791 ΒΓ,
939 1700 990 1776 οὖν
1006 1715 1130 1796 μείζων

109 1821 192 1883 ε”στω
221 1813 241 1902 ἡ
265 1823 346 1901 AB,
374 1817 429 1884 καὶ
457 1814 631 1903 τετμήσθω
661 1812 681 1901 V
708 1821 775 1883 ΒΓ
799 1818 876 1903 δίχα
903 1813 987 1881 κατὰ
1017 1815 1055 1884 τὸ
1084 1825 1129 1882 A·

109 1924 209 2010 λέγω,
239 1920 290 1989 ὅτι
317 1920 354 1990 τὸ
381 1919 447 1990 ὑπὸ
476 1927 545 1990 τῶν
568 1931 650 2008 AB,
674 1928 740 1992 ΒΓ
765 1921 945 1990 διπλάσιόν
968 1924 1041 1989 ἐστι
1066 1924 1128 1989 τοῦ

58 2054 91 2103 15
109 2027 175 2097 ὑπὸ
197 2033 266 2097 τῶν
289 2036 365 2115 AB,
389 2036 466 2098 BA.
933 2078 952 2106 .

165 2133 285 2220 Ἤχθω
309 2132 373 2222 γὰρ
392 2133 458 2203 ἀπὸ
477 2139 539 2235 τοῦ
558 2143 586 2202 Β
611 2140 750 2221 σημείου
768 2138 810 2224 τῇ
829 2141 894 2203 ΒΓ
912 2132 997 2224 πρὸς
1017 2132 1129 2220 ὀρθὰς

108 2241 129 2326 ἡ
159 2248 237 2325 ΒΕ,
270 2241 325 2306 καὶ
357 2246 483 2309 κείσθω
515 2251 555 2330 τῇ
588 2249 654 2309 BA
686 2247 741 2327 ίση
775 2238 795 2328 ἡ
828 2249 908 2327 ΒΕ,
938 2241 996 2308 καὶ
1028 2266 1129 2308 κατα-

109 2345 293 2433 γεγράφθω
316 2343 354 2412 τὸ
378 2351 494 2433 σχῆμα.
540 2348 610 2414 ἐπεὶ
636 2338 699 2415 οὖν
723 2350 813 2414 ἐστιν
837 2344 881 2428 ως
904 2344 925 2434 ἡ
949 2355 1018 2414 AB
1042 2345 1129 2434 πρὸς

109 2451 172 2539 τὴν
196 2457 279 2538 AF,
311 2449 417 2532 οὕτως
438 2452 476 2521 τὸ
499 2460 562 2520 ΒΖ
584 2451 668 2541 πρὸς
694 2451 732 2521 τὸ
758 2459 844 2539 AH,
873 2453 1037 2520 συνθέντι
1062 2453 1129 2540 ἄρα

56 2584 91 2633 20
109 2556 154 2640 ὡς
176 2556 197 2645 ἡ
222 2564 287 2626 ΒΓ
306 2556 389 2646 πρὸς
406 2555 468 2645 τὴν
491 2565 568 2644 AF,
594 2555 700 2638 οὕτως
721 2556 760 2626 τὸ
780 2565 852 2626 ΒΗ
870 2556 953 2646 πρὸς
974 2558 1014 2626 τὸ
1041 2565 1129 2626 AH·

111 2669 296 2733 διπλασίων
330 2664 369 2731 δέ
399 2665 489 2732 ἐστιν
516 2661 537 2749 ἡ
564 2669 630 2731 ΒΓ
653 2667 711 2750 της
735 2669 813 2731 ΔΓ·
852 2661 1033 2730 διπλάσιον
1064 2661 1129 2752 ἄρα

110 2773 179 2839 ἐστὶ
205 2771 261 2838 καὶ
288 2769 325 2837 τὸ
350 2777 423 2837 ΒΗ
444 2774 506 2838 τοῦ
530 2777 610 2837 AH.
657 2776 716 2837 καί
741 2771 810 2838 ἐστι
837 2796 874 2837 το
904 2769 965 2856 μὲν
989 2776 1067 2837 ΒΗ
1091 2769 1128 2838 τὸ

108 2873 175 2944 ὑπὸ
201 2880 268 2944 τῶν
297 2883 378 2962 AB,
402 2882 476 2943 BF·
514 2884 568 2962 ίση
597 2875 661 2963 γὰρ
689 2873 709 2962 ἡ
739 2883 804 2943 AB
833 2880 873 2963 τῇ
901 2883 978 2943 ΒΕ·
1016 2875 1057 2944 τὸ
1093 2876 1130 2944 δὲ

110 2989 187 3050 ΔΗ
200 2980 238 3050 τὸ
256 2978 322 3049 ὑπὸ
340 2985 408 3049 τῶν
422 2988 594 3067 AB,BA·
619 2991 673 3069 ίση
697 2980 761 3069 γὰρ
784 2986 823 3071 τῇ
843 2981 904 3069 μὲν
919 2989 987 3048 ΒΔ
1007 2981 1027 3068 ἡ
1051 2989 1129 3068 ΔΓ,

55 3111 91 3163 25
108 3092 149 3176 τῇ
173 3087 211 3156 δὲ
234 3095 299 3154 ΑΒ
323 3084 343 3174 ἡ
368 3095 446 3154 AZ·
476 3086 556 3178 ὅπερ
581 3093 648 3157 ἔδει
672 3089 785 3168 δεῖξαι.

110 3199 323 3210 ———-

185 3236 225 3286 15.
249 3230 319 3285 Post
341 3245 420 3300 prop.
440 3228 556 3284 XXXIV
580 3248 607 3299 p.
628 3235 693 3298 104,
713 3229 785 3296 9V,
810 3247 866 3300 mg.
885 3248 920 3284 m.
940 3231 1041 3285 rec.B
1068 3233 1133 3302 (uix

110 3300 169 3370 legi
187 3302 302 3371 potest)

179 3432 205 3485 4
225 3427 289 3503 ZB]
308 3423 410 3483 BZB.
483 3431 563 3480 5.ω
525 3430 580 3480 τῶν
565 3425 666 3497 νηοω.
686 3424 718 3477 V.
774 3425 836 3494 AB]
858 3423 955 3494 (prius)
977 3429 1134 3484 ecorrv

72 3444 105 3584 ἱ
131 3504 158 3559 8
168 3425 597 3578 ίημμαπροηραφόμενονΒ.
624 3502 671 3551 νο
679 3493 854 3563 τὴνᾞοωθ
896 3501 946 3546 Ἃ
961 3498 1133 3564 ΔὩΚΓΔΒ
