2378 3832
100 156 165 223 196
485 155 687 210 Στοιχειαα
705 151 732 208 ι’.

166 295 437 366 Κατεσκευάσθω
456 322 496 365 τα
519 295 604 366 αότα
623 308 694 376 τοῖς
711 298 777 383 πρὸ
795 294 925 362 τούτου.
962 293 1033 362 ἐπεὶ
1053 285 1120 362 οὖν

101 403 203 492 ῥητὸν
230 404 286 471 καὶ
318 405 421 490 μέσον
455 404 626 491 δυναμένη
660 402 750 470 ἐστὶν
782 399 803 488 ή
832 408 897 469 AB
929 402 1118 490 διῃρημένη

100 537 184 579 κατα
206 537 244 579 το
266 517 306 596 Γ,
328 511 366 576 αἱ
384 516 460 596 ΑΓ,
479 515 540 577 ΓΒ
559 507 624 594 άρα
644 508 788 596 δυνάμει
806 507 892 576 εἰσὶν
910 504 1120 595 ἀσύμμετροι

99 621 257 685 ποιοῦσαι
278 615 315 684 τὸ
335 615 396 702 μέν
412 620 634 701 συγκείμενον
658 617 693 683 έκ
712 618 780 682 τῶν
799 610 852 681 ἀπ’
874 610 987 681 αὐτῶν
1005 638 1119 700 τετρα-

65 722 223 808 σγοένων
250 724 370 809 μέσον,
398 719 436 789 τὸ
460 718 489 788 δ’
514 718 568 789 ὑπ’
594 719 706 789 αὐτων
731 719 842 808 ῥητόν.
883 719 954 788 έπεὶ
977 711 1042 788 οὖν
1066 721 1120 806 με’·

101 848 163 897 σου
192 830 260 897 έστὶ
287 827 325 896 τὸ
353 832 572 914 συγκείμενον
600 829 636 895 έκ
662 830 731 895 τῶν
757 823 825 894 άπὸ
848 829 917 894 τῶν
940 831 1022 912 ΛΓ,
1043 831 1116 911 ΓΒ,

101 935 205 1021 μέσον
229 933 295 1020 άρα
319 934 387 1002 ἐστὶ
411 931 447 1001 τὸ
472 940 555 1000 ΔΛ·
589 931 672 1001 ὥστε
696 931 780 1021 ῥητή
804 935 894 1001 ἐστιν
917 928 938 1018 ή
962 937 1047 1000 ΔΜ
1060 932 1114 999 καὶ

101 1039 198 1126 μήκει
221 1037 429 1126 ἀσύμμετρος
451 1043 491 1127 τῇ
516 1046 593 1106 ΔΕ.
631 1037 744 1124 πάλιν,
768 1039 838 1107 ἐπεὶ
861 1036 965 1125 ῥητόν
990 1039 1057 1106 έστι
1078 1037 1117 1105 τὸ

102 1145 155 1223 δὶς
176 1141 243 1212 ὑπὸ
267 1148 336 1211 τάν
355 1150 463 1228 ΑΓΒ,
487 1146 637 1212 τουτέστι
655 1143 693 1212 τὸ
713 1151 796 1227 ΜΖ,
819 1145 901 1229 ῥητή
920 1141 987 1231 ἅμα
1005 1141 1026 1231 ἡ
1046 1150 1127 1211 ΜΗ

49 1271 83 1320 10
101 1249 157 1317 καὶ
184 1248 369 1336 σύμμετρος
396 1260 434 1338 τῇ
464 1257 540 1318 ΔΕ.
585 1249 794 1338 ἀσύμμετρος
826 1247 892 1336 άρα
923 1246 944 1335 ή
972 1256 1057 1318 ΔΜ
1080 1253 1120 1338 τῇ

103 1361 193 1423 ΜΗ·
230 1359 268 1422 αλ
294 1363 386 1441 ΔΜ,
414 1362 497 1424 ΜΗ
521 1353 585 1442 άμα
613 1358 714 1443 ῥηταί
739 1361 804 1424 εἰσι
837 1353 980 1441 δυνάμει
1012 1354 1122 1442 μόνον
1167 1440 1174 1451 ⁸

103 1458 298 1548 σύμμετροι·
332 1464 368 1528 έκ
391 1459 454 1529 δύο
479 1459 545 1548 ἅμα
569 1459 744 1548 ὀνομάτων
767 1462 858 1530 ἐστὶν
880 1458 901 1547 ἡ
926 1468 1009 1530 ΔΗ.

170 1568 267 1652 Λέγω
292 1566 347 1654 δή,
370 1565 422 1635 ὅτι
444 1569 500 1635 καὶ
523 1568 659 1654 πέμπτη.

166 1669 304 1758 Ὁμοίως
330 1673 395 1759 γάρ
424 1673 652 1760 δειχθήσεται,
681 1671 732 1742 ὅτι
759 1672 797 1742 τὸ
822 1671 887 1742 ὑπὸ
911 1684 980 1743 τῶν
1003 1681 1126 1743 ΔΚΜ

53 1798 86 1848 15
105 1785 181 1846 ἴσον
205 1779 274 1846 ἐστὶ
296 1784 341 1870 τῷ
366 1778 431 1847 άπὸ
453 1784 512 1865 τής
530 1787 621 1865 MN,
642 1781 699 1848 καὶ
721 1777 931 1868 ἀσύμμετρος
949 1777 970 1866 ή
989 1787 1067 1848 ΔΚ
1082 1784 1125 1870 τῇ

104 1891 188 1951 ΚΜ
205 1885 314 1971 μήκει·
351 1883 372 1972 ή
397 1893 480 1953 ΛΜ
497 1883 563 1969 άμα
590 1889 648 1971 τῆς
671 1893 755 1954 ΜΗ
772 1892 884 1973 μεῖζον
909 1884 1054 1954 δύναται
1078 1890 1125 1979 τῷ

104 1987 169 2058 άπὸ
196 1988 409 2079 άσυμμέτρου
437 1992 547 2078 ἑαυτῇ.
583 1997 642 2059 καί
664 1995 750 2060 εἰσιν
773 1995 811 2059 αἱ
832 1999 924 2078 ΔΜ,
947 1998 1034 2070 ΜΗ
1054 1994 1126 2082 [ῥη-

103 2096 169 2179 ταὶ]
196 2097 336 2184 δυνάμει
360 2098 466 2185 μόνον
491 2097 683 2185 σύμμετροι,
706 2099 762 2166 καὶ
785 2097 806 2186 ἡ
830 2098 984 2167 ἐλάσσων
1001 2095 1024 2186 ή
1044 2105 1126 2168 ΜΗ

105 2199 291 2287 σύμμετρος
313 2207 352 2290 τῇ
377 2212 411 2270 Δ
418 2212 449 2271 Ε
469 2203 574 2290 μήκει.

52 2325 87 2374 ‘20
167 2302 213 2371 ‘H
237 2314 314 2373 ΛΗ
332 2306 398 2393 άρα
421 2306 459 2377 ἐκ
482 2313 544 2377 δύο
569 2307 744 2398 ὀνομάτων
767 2308 838 2379 ἐστὶ
860 2312 1001 2399 πέμπτη·
1043 2309 1127 2398 ὅπερ

106 2414 173 2478 ἔδει
196 2413 309 2492 δεῖξαι.

586 2505 636 2583 ξέ.

176 2620 226 2690 Τὸ
254 2619 326 2691 άπὸ
353 2626 422 2708 τῆς
449 2622 530 2713 δύο,
549 2627 647 2712 μέσα
676 2628 903 2714 δυναμένης
929 2626 1035 2717 παρά
1060 2631 1130 2719 ρη-

105 2725 177 2814 τήν
198 2726 553 2815 παραβαλλόμενον
582 2731 728 2811 πλάτος
755 2747 866 2801 ποιεῖ
892 2730 963 2819 τήν
983 2731 1028 2802 ἐκ
1052 2735 1127 2804 δύο

54 2850 88 2901 25
108 2827 314 2918 ὀνομάτων
338 2834 461 2920 ἕκτην.

165 2934 273 3006 Ἔστω
301 2940 363 3007 δύο
391 2942 474 3026 μέσα
503 2943 673 3030 δυναμένη
697 2940 717 3030 ή
738 2951 802 3012 ΑΒ
827 2944 1011 3034 διηρημένη
1040 2944 1127 3015 κατὰ

107 3039 146 3110 τὸ
172 3046 215 3129 Γ,
243 3046 326 3131 ῥητή
354 3045 391 3114 δέ
418 3051 500 3115 ἔστω
528 3045 549 3135 ἡ
577 3056 659 3135 ΔΕ,
688 3050 743 3117 καὶ
770 3052 861 3138 παρά
888 3049 950 3137 τήν
977 3057 1050 3119 ΔΕ
1079 3056 1127 3146 τῷ

155 3209 205 3287 ,1.
224 3201 448 3261 κατασκευάσθω
463 3206 496 3262 V.
525 3207 632 3262 Deinde
651 3207 715 3263 add.
733 3206 786 3278 γάρ
805 3209 867 3266 FV.
933 3205 988 3277 πρὸ
1008 3206 1125 3282 τούτου]

107 3289 255 3398 μιν
265 3291 409 3401 νοω
418 3283 454 3401 ε.
462 3278 492 3332 1²·
528 3279 788 3419 τεῖναν
806 3282 983 3405 λειω
1002 3286 1033 3407 ι

107 3411 240 3468 inm
254 3387 290 3472 VI
363 3422 403 3473 10.
428 3368 756 3489 Ροιιπεόοάμηκο
779 3391 903 3476 in.2'B.
976 3428 1019 3476 11.
1044 3397 1125 3495 AM]

63 3480 203 3599 hiatus.
227 3484 257 3542 V.
333 3494 375 3546 17.
396 3485 567 3562 συμμέτρου,
584 3491 636 3546 sed
652 3507 734 3559 οοοι,
749 3492 831 3546 BFh.
903 3488 1000 3564 ρἠταλ]
1023 3510 1077 3549 om.
1094 3494 1125 3564 P,
