2378 3832
114 156 177 221 186
497 157 699 211 monam
717 151 744 210 ι’.

175 293 219 365 Ἡ
238 303 316 365 ΛΗ
341 295 407 385 άρα
436 295 557 366 ἐκδύο
582 293 759 384 ὀνομάτων
786 296 855 365 έστὶ
880 294 1009 382 πρώτη·
1048 293 1130 381 ὅπερ

113 407 179 471 ἔδει
203 406 316 485 δεῖξαι.
591 493 639 573 ga'

184 619 233 684 Τὸ
258 614 333 684 άπὸ
355 618 425 701 τής
447 617 489 682 έιι
512 614 584 684 δύο
607 615 737 702 μέσων
759 615 915 703 πρώτης
936 618 1043 701 παρά
1064 618 1130 704 ρη-

77 720 184 807 ετήν
210 719 571 808 παραβαλλόμενον
598 719 744 800 πλάτος
768 733 878 789 ποιεΐ
896 722 969 808 τήν
991 723 1039 790 έκ.
1056 722 1128 790 δύο

113 823 317 913 ὀνομάτων
348 827 548 911 δευτέραν.

169 931 276 1000 Ἔστω
306 935 342 1000 ἐκ
369 932 431 1001 δύο
460 933 572 1019 μέσων
599 931 713 1020 προέτη
736 929 757 1018 ή
781 940 846 1000 ΑΒ
871 934 1054 1023 διῃρημένη
1075 937 1123 1014 εἰς

111 1038 171 1118 τὰς
193 1039 294 1125 μέσας
315 1064 398 1106 κατα
418 1040 454 1107 τὸ
473 1044 511 1124 Γ,
534 1030 583 1106 ὦν
606 1043 727 1123 μείζων
745 1036 766 1125 ή
787 1045 861 1125 ΑΓ,
883 1038 941 1106 καὶ
964 1042 1127 1108 ἐκκείσθω

112 1145 194 1231 ῥητή
212 1141 233 1230 ή
254 1151 331 1230 ΔΕ,
354 1145 409 1211 καὶ
432 1142 700 1231 παραβεβλήσθω
723 1145 812 1231 παρά
829 1142 891 1230 τήν
911 1151 984 1212 ΔΕ
999 1148 1045 1237 τῷ
1063 1141 1130 1213 άπὸ

60 1273 93 1321 10
112 1252 171 1334 τής
185 1257 250 1317 ΑΒ
265 1256 340 1316 ἴσον
359 1249 707 1336 παραλληλόγραμμον
725 1246 763 1317 τὸ
781 1257 814 1315 Λ
820 1256 848 1316 Ζ
863 1248 989 1330 πλάτος
1006 1254 1130 1319 ποιοῦν

111 1353 174 1440 τήν
188 1362 273 1422 ΔΗ·
293 1355 389 1441 λέγω,
399 1351 480 1440 ὅτιή
496 1362 529 1420 Λ
537 1362 576 1422 Η
585 1357 621 1422 έν
631 1353 694 1422 δύο
705 1353 964 1441 ὀνομάτωνέστὶ
980 1357 1129 1443 δευτέρα.

178 1460 447 1528 Κατεσκευάσθω
466 1459 530 1547 γάρ
549 1458 589 1527 τά
613 1458 697 1529 αὐτά
719 1475 789 1541 τοῖς
811 1464 876 1548 πρὸ
897 1460 1032 1532 τούτου.
1069 1463 1126 1529 καὶ

112 1567 180 1634 ἐπεὶ
201 1563 221 1651 ή
240 1573 307 1633 ΑΒ
327 1567 363 1634 έιι
386 1564 449 1634 δύο
473 1567 583 1652 μέσων
607 1567 676 1634 ἐστὶ
700 1566 812 1654 πράτη
836 1567 1023 1656 διῃρημένη
1045 1567 1127 1635 κατά

110 1674 147 1740 τὸ
177 1679 220 1756 Γ,
254 1675 292 1740 αι’
313 1677 395 1757 ΑΓ,
424 1677 485 1738 ΓΒ
517 1670 584 1758 άρα
616 1673 711 1758 μέσαι
744 1673 809 1741 εἰσὶ
842 1672 986 1759 δυνάμει
1018 1671 1129 1758 μόνον

61 1801 92 1850 15
112 1777 292 1864 σύμμετροι
316 1780 419 1865 ῥητὸν
446 1779 669 1865 περιέχουσαι·
703 1777 786 1848 ὥστε
814 1779 871 1848 καὶ
896 1777 938 1847 τά
964 1775 1032 1847 άπὸ
1059 1781 1128 1847 τάν

111 1891 184 1970 ΑΓ,
203 1890 264 1951 ΓΒ
283 1886 366 1970 μέσα
386 1885 484 1951 ἐστίν.
512 1886 615 1970 μέσον
634 1882 700 1971 άρα
719 1887 787 1953 ἐστὶ
805 1887 844 1954 τὸ
857 1892 936 1953 ΔΛ.
960 1884 1018 1952 καὶ
1035 1886 1128 1972 παρὰ

111 1991 215 2075 ῥητήν
238 1991 299 2076 τήν
323 1996 393 2056 ΔΕ
412 1989 672 2077 παραβέβληται·
696 1989 777 2078 ῥητή
802 1990 867 2078 ἄρα
891 1993 983 2059 έστίν
1006 1985 1027 2077 ή
1047 1997 1126 2059 ΜΔ

110 2095 166 2161 καὶ
189 2093 399 2182 ἀσύμμετρος
421 2099 460 2184 τῇ
481 2103 551 2163 ΛΒ
567 2095 671 2182 μήκει.
705 2095 817 2181 πάλιν,
841 2096 911 2165 ἐπεὶ
933 2095 1039 2183 ῥητόν
1055 2092 1135 2163 έστιΙ

110 2201 149 2267 τὸ
172 2200 224 2279 δὶς
245 2199 311 2269 ὑπὸ
333 2204 402 2268 τῶν
420 2207 497 2287 ΑΓ,
517 2208 589 2286 ΓΒ,
607 2201 712 2289 ῥητόν
735 2205 804 2270 έστι
826 2203 883 2270 καὶ
905 2205 942 2270 τὸ
961 2208 1045 2272 ΜΖ.
1070 2200 1128 2269 καὶ

58 2329 93 2376 20
111 2307 200 2393 παρὰ
222 2307 326 2392 ῥητήν
348 2307 409 2392 τήν
427 2313 504 2374 ΜΛ
521 2305 728 2394 παράκειται·
752 2308 835 2395 ῥητή
858 2306 923 2392 άρα
947 2307 1046 2392 [ἐστὶ]
1070 2308 1130 2375 καὶ

110 2409 131 2498 ή
150 2419 229 2480 ΜΗ
246 2411 302 2479 ναὶ
321 2410 416 2498 μήκει
441 2413 624 2499 σύμμετρος
646 2416 685 2501 τῇ
705 2420 794 2497 ΜΛ,
817 2414 965 2481 τουτέστι
983 2417 1023 2501 τῇ
1044 2421 1130 2482 ΔΒ·

111 2514 320 2604 άσύμμετρος
336 2515 407 2604 άρα
431 2517 521 2585 έστὶν
539 2515 560 2604 ή
580 2525 664 2586 ΛΜ
676 2522 715 2607 τῇ
736 2524 819 2586 ΜΗ
837 2518 943 2606 μήκει.
982 2524 1042 2585 καί
1062 2523 1132 2587 εἰσι

110 2625 221 2709 ῥηταί·
258 2626 295 2691 αἱ
317 2629 409 2707 ΔΜ,
438 2629 521 2691 ΜΗ
539 2621 605 2709 άρα
632 2625 733 2710 ῥηταί
757 2627 823 2691 εἰσι
851 2623 993 2711 δυνάμει
1017 2622 1132 2710 μόνον

111 2728 305 2816 σύμμετροι·
330 2731 365 2797 έιι
389 2727 452 2797 δύο
476 2727 540 2815 άρα
564 2727 739 2815 ὀνομάτων
763 2729 854 2797 ἐστὶν
876 2727 898 2815 ή
920 2735 1005 2798 ΔΗ.

186 2928 210 2978 1.
225 2917 354 2991 ὀνομάτω
368 2922 395 2975 b.
450 2917 519 2990 ὅπερ
531 2919 591 2977 ἔδει
600 2922 704 2992 δεῖξαι]
719 2939 772 2978 om.
787 2922 1005 2993 BPVb‚'comp.
1015 2924 1045 2982 P.
1102 2930 1129 2981 θ.

113 2989 159 3060 ξβ’
178 2992 207 3047 P.
262 2997 288 3046 4.
308 2987 393 3060 ῥητῆς
411 2991 442 3059 Β,
462 2992 511 3046 sed
531 3010 599 3049 corr.
656 3000 680 3048 7.
700 2992 782 3064 ἔστω]
802 3010 817 3048 ε
837 3010 906 3048 corr.
925 2999 992 3050 παλ
1013 2993 1044 3051 V.
1101 3000 1129 3052 9.

112 3058 190 3128 παρά
215 3058 266 3130 τήν
287 3065 342 3116 ΔΕ
364 3059 589 3135 παραβεβλήσθω
613 3063 642 3118 P.
722 3070 763 3118 10.
782 3065 847 3134 AB]
874 3081 942 3119 corr.
962 3079 996 3118 ex
1015 3069 1072 3119 ΑΔ
1090 3083 1128 3121 m.

114 3134 174 3189 1b.
249 3133 310 3186 ἴσον
328 3129 361 3187 τό
380 3132 410 3188 P.
486 3141 527 3189 12.
546 3131 770 3189 ναταωιευάσθω
789 3133 823 3188 V.
891 3141 933 3190 14.
952 3132 1000 3206 αἶ]
1020 3135 1051 3190 in
1069 3152 1125 3191 ras.

112 3222 148 3258 m.
169 3210 185 3257 2
205 3203 235 3258 B.
309 3201 379 3257 εἰσίν
397 3203 428 3258 Β.
504 3211 543 3260 16.
564 3200 651 3275 ἐστίν]
672 3201 733 3259 ἐστι’
748 3204 811 3273 ΡΒ,
830 3221 919 3274 comp.
939 3206 998 3274 Vb,
1019 3204 1078 3261 εἰσί
1092 3206 1126 3261 V.

150 3281 191 3330 1⁷.
211 3268 382 3340 παράκειται
399 3274 645 3343 TheonfflFvb).
707 3272 962 3346 19.1στι]οω.,Β.
1018 3282 1061 3332 20.
1118 3318 1126 3346 ‚

114 3361 197 3415 ευμεν.
211 3360 263 3398 scr.
277 3339 329 3412 τήν
344 3343 375 3397 P.
431 3342 506 3414 έοτί]
525 3362 578 3400 om.
593 3344 707 3401 BFVb.
761 3352 803 3400 21.
823 3346 978 3417 σύμμετρος
992 3346 1076 3417 μήκει
1116 3385 1124 3400 .

147 3415 280 3540 1511ηὲιὶ
296 3431 311 3469 θ
330 3431 400 3470 corr.
418 3414 451 3470 V.
513 3421 556 3471 22.
575 3410 662 3487 έοτέν]
683 3434 737 3472 om.
758 3415 790 3470 V.
852 3415 935 3487 μήκει
952 3422 986 3489 τῇ
1005 3421 1076 3473 ΜΗ
1089 3417 1123 3472 V.

143 3504 217 3541 em
257 3527 263 3541 .
