2378 3832
375 169 650 221 ELEMENTORUM
668 169 776 220 LIBER
795 171 827 221 X.
1068 167 1109 232 75

82 313 200 376 rectae
214 313 288 375 ZH
294 310 501 396 longitudine
515 311 853 377 incommensurabilis
868 315 926 394 est,
945 315 1022 395 ΚΘ,
1038 315 1115 378 ΘΜ

84 417 272 483 rationales
309 420 387 482 sunt
427 419 574 501 potentia
615 421 744 483 tantum
785 419 1108 503 commensurabilem

86 545 195 608 quare
222 526 295 588 ΘΝ
317 523 460 588 medium
488 528 539 589 est
563 527 668 609 [prop.
690 522 795 604 XXH.
835 529 904 589 ΘΝ
926 525 1028 610 igitur
1053 529 1109 590 aut

87 629 256 695 rationale
275 634 333 695 aut
350 629 494 695 medium
513 634 571 696 est.
602 652 715 695 uerum
735 634 806 696 ΘΝ
813 633 940 696 ΞΑΓ.
971 630 1109 716 Asigi·

87 739 147 801 tur
170 739 229 800 aut
249 735 411 801 rationale
434 739 486 801 est
507 740 565 801 aut
587 735 737 800 medium.

159 841 251 927 Ergo
265 842 494 928 rectangulum
509 842 625 908 mediis
641 842 789 928 potentia
802 846 932 907 tantum
947 863 1108 907 commen·

84 948 308 1041 ¹surabilibus,
331 952 365 1014 et
388 971 470 1033 quae
494 953 682 1033 sequuntur.

543 1160 661 1228 XXVI.

161 1283 308 1370 Spatium
334 1285 475 1351 medium
505 1308 573 1351 non
604 1287 729 1351 excedit
756 1287 899 1351 medium
928 1287 1034 1371 spatio
1058 1308 1109 1351 ra-

92 1391 220 1456 tionali.

161 1495 196 1561 Si
218 1497 305 1561 enim
328 1497 398 1560 fieri
421 1502 541 1582 potest,
564 1497 705 1563 medium
725 1503 790 1563 AB
809 1500 944 1565 excedat
963 1499 1104 1564 medium

96 1606 163 1668 ΑΓ
176 1604 333 1670 rationali
352 1607 427 1687 ΛΒ,
451 1608 484 1667 et
501 1608 643 1688 ponatur
662 1605 833 1669 rationalis
853 1609 926 1687 EZ,
950 1609 983 1669 et
1002 1604 1108 1689 spatio

109 1765 130 1812 A
336 1714 400 1774 AB
425 1710 560 1794 aequale
582 1713 690 1776 rectae
713 1714 776 1774 ΕΖ
800 1710 982 1793 adplicetur
1002 1709 1110 1791 paral-

125 1842 130 1959 p
333 1816 645 1899 lelogrammumreo
646 1817 816 1897 tangulum
827 1819 888 1880 ΖΘ
902 1813 1108 1879 latitudinem

101 1962 278 2042 A*—

127 2054 130 2099 l

288 1921 457 2043 Pfaciens
471 1925 535 1986 ΒΘ
535 1923 670 2006 ‚spatio
685 1925 794 1986 autem
809 1924 878 1986 ΑΓ
888 1921 1022 2006 aequale
1037 1922 1109 1985 sub-

284 1995 447 2149 }ttraha
432 2031 487 2092 tur
510 2031 584 2092 ZH.
632 2029 741 2112 itaque
764 2028 958 2113 relinquitur
981 2032 1108 2092 BA—
1067 2057 1107 2067 -

268 2102 412 2256 ΚΘ.
435 2156 547 2199 uerum
561 2137 627 2197 ΛΒ
639 2134 798 2199 rationale
811 2138 869 2199 est.
888 2134 997 2218 itaque
1010 2135 1110 2199 etiam

268 2206 371 2306 K
375 2236 578 2306 &iatronale
598 2242 699 2306 est
690 2263 756 2305 ram
770 2240 923 2325 quoniam
937 2246 1109 2325 utrumque

336 2352 416 2430 ΑΒ,
431 2346 738 2429 AFmediumest,
761 2350 794 2412 et
817 2351 933 2411 AB=
946 2350 1022 2428 ΖΘ,
1045 2348 1114 2409 ΑΓ

337 2484 379 2506 =
390 2456 466 2533 ZH,
486 2453 586 2517 etiam
600 2456 772 2536 utrumque
791 2457 866 2535 ΖΘ,
883 2457 951 2516 ΖΗ
968 2451 1110 2515 medium

117 2579 139 2628 K
267 2579 296 2627 Η
336 2563 394 2624 est.
428 2562 461 2623 et
474 2562 582 2624 rectae
596 2559 752 2624 rationali
770 2563 833 2623 EZ
848 2559 1010 2642 adplicata
1026 2563 1109 2620 sunt.

139 2618 142 2778 l
336 2685 414 2750 ergo
441 2667 577 2749 utraque
605 2668 682 2748 ΘΕ,
706 2668 781 2729 ΒΗ
804 2664 975 2729 rationalis
1003 2667 1054 2728 est
1077 2668 1110 2729 et

139 2755 290 2806 *Θ
336 2774 444 2837 rectae
464 2775 525 2834 ΕΖ
544 2771 747 2856 longitudine
771 2770 1109 2835 incommensurabilis

101 2880 197 2965 [prop.
207 2879 327 2959 XXIl].
347 2884 380 2943 et
394 2877 548 2961 quoniam
559 2880 625 2941 AB
639 2876 798 2941 rationale
809 2881 860 2940 est
874 2880 906 2940 et
921 2878 1029 2961 spatio
1041 2881 1076 2942 K
1082 2881 1111 2942 Θ

101 2986 238 3071 aequale,
253 2985 352 3050 etiam
360 2987 427 3048 ΚΘ
440 2983 601 3049 rationale
616 2988 673 3047 est.
680 2981 706 3066 1)
726 2986 874 3047 etreotae
884 2983 1038 3048 rationali
1047 2986 1109 3047 ΕΖ

99 3090 295 3176 adplicatum
314 3094 379 3174 est3
402 3091 512 3173 itaquo
531 3092 599 3154 ΗΘ
616 3089 787 3154 rationalis
807 3094 856 3153 est
875 3094 908 3154 et
926 3094 1033 3154 rectae
1048 3093 1110 3153 EZ

97 3195 301 3282 longitudine
325 3195 626 3260 commensurabilis
643 3198 748 3280 [prop.
761 3194 846 3275 XX]⁸
878 3218 991 3260 uerum
1011 3194 1110 3259 etiam

167 3373 193 3440 1)
213 3366 352 3424 Uerba
324 3389 355 3424 το
376 3369 491 3424 ABlin.
506 3375 590 3423 20-
605 3364 696 3423 loris
699 3369 732 3422 αί
748 3368 796 3424 lin.
811 3375 845 3423 21
864 3369 990 3438 postlin.
1005 3374 1073 3422 14-
1077 3372 1110 3421 15

96 3457 271 3524 superuacua
302 3441 368 3494 sunt
400 3440 430 3495 et
460 3440 580 3494 fortasse
611 3439 789 3509 interpolata.
839 3440 927 3494 uerba
958 3433 1045 3507 ῥητὸν
1077 3433 1111 3490 δέ

96 3511 144 3566 lin.
165 3517 250 3564 14-
269 3507 405 3566 ΚΘ
405 3509 443 3567 in.
465 3516 500 3567 15
519 3511 670 3570 damnauit
689 3512 813 3586 August
