2378 3832
78 167 144 232 220
466 165 669 218 Σνουτυιωα
688 159 715 217 ι.
780 174 783 178 ’

79 311 241 378 ἐκκείσθω
266 306 348 394 ῥητὴ
372 304 393 393 ἡ
412 313 487 391 ΕΖ,
510 305 565 372 καὶ
588 308 634 396 τῷ
659 304 723 391 μέν
740 312 806 372 AB
831 311 907 372 ἴσον
924 302 1015 392 παρὰ
1035 303 1106 390 τὴν

79 422 142 482 ΕΖ
169 411 439 500 παραβεβλήσθω
468 411 506 480 τὸ
534 418 609 479 ΕΗ
635 413 759 491 πλάτος
788 420 911 479 ποιοῦν
936 408 999 496 τὴν
1025 403 1101 498 ΕΘ,

79 523 125 610 τῷ
150 521 187 589 δέ
210 526 273 588 ΓΔ
296 528 372 587 ίσον
395 518 433 586 τὸ
457 526 514 586 ΘΙ
538 516 662 597 πλάτος
683 521 807 586 ποιοῦν
835 516 897 603 τὴν
919 524 995 586 ΘΚ.
1041 519 1101 585 καὶ

81 627 150 694 ἐπεὶ
174 624 278 712 μέσον
302 625 393 694 ἐστίν
416 624 576 711 ἑκάτερον
599 627 667 690 τῶν
685 630 767 708 ΑΒ,
791 629 873 706 ΓΔ,
900 621 1004 710 μέσον
1032 623 1102 711 άρα

47 735 137 805 ικαὶ
161 732 318 821 ἑκάτερον
341 733 409 799 τάν
426 737 509 815 ΕΗ,
529 736 590 800 ΘΙ.
628 729 686 797 καὶ
708 732 796 817 παρὰ
822 732 927 818 ῥητὴν
949 728 1013 817 τὴν
1036 738 1102 797 ΖΕ

80 839 276 929 παράκειται
290 836 413 916 πλάτος
425 840 548 904 ποιοῦν
561 833 620 915 τὰς
633 843 702 923 ΕΘ,
713 842 787 903 ΘΚ·
807 835 946 922 ἑκατέρα
955 835 1020 925 ἄρα
1029 840 1099 904 τάν

74 954 148 1031 ΕΘ,
158 952 225 1013 ΘΚ
238 943 321 1031 ῥητή
337 945 406 1010 ἐστι
419 942 476 1010 καὶ
490 941 700 1032 ἀσύμμετρος
712 945 753 1031 τῇ
762 950 824 1010 ΕΖ
834 941 940 1029 μήκει.
961 942 1092 1011 mimz

80 1051 294 1138 ἀσύμμετρόν
324 1051 392 1116 έστι
420 1049 457 1117 τὸ
480 1055 546 1117 AB
575 1053 620 1140 τῷ
649 1056 731 1134 ΓΛ,
763 1053 822 1116 καί
844 1050 935 1116 ἐστιν
958 1056 1031 1116 ἴσον
1056 1071 1095 1115 το

80 1158 142 1245 μέν
165 1164 231 1225 ΑΒ
254 1159 300 1246 τῷ
316 1162 399 1242 ΕΗ,
426 1153 464 1223 τὸ
489 1155 527 1222 δέ
549 1162 612 1222 ΓΛ
635 1159 680 1245 τῷ
704 1162 773 1241 ΘΙ,
797 1153 1009 1242 ἀσύμμετρον
1034 1150 1099 1240 άρα

27 1288 62 1336 10
81 1264 150 1332 ἐστὶ
172 1264 228 1331 καὶ
257 1266 295 1331 τὸ
317 1268 391 1329 ΕΗ
413 1266 459 1352 τῷ
484 1268 545 1329 ΘΙ.
588 1258 633 1348 ὡς
656 1260 694 1329 δέ
716 1261 754 1329 τὸ
777 1268 851 1329 ΕΗ
867 1260 952 1350 πρὸς
974 1261 1012 1328 τὸ
1036 1266 1102 1344 ΘΙ,

81 1367 188 1448 οὕτως
211 1370 301 1436 ἐστὶν
319 1366 340 1455 ἡ
357 1375 421 1436 ΕΘ
444 1366 527 1457 πρὸς
544 1375 623 1435 ΘΚ·
647 1367 858 1454 ἀσύμμετρος
876 1366 943 1454 ἄρα
966 1367 1059 1434 ἐστὶν
1077 1363 1100 1452 ἡ

84 1482 148 1543 ΕΘ
161 1478 200 1562 τῇ
220 1481 288 1542 ΘΚ
303 1474 407 1562 μήκει.
436 1478 473 1542 αί
486 1482 558 1561 ΕΘ,
578 1481 646 1542 ΘΚ
661 1472 728 1563 άρα
747 1476 849 1561 ῥηταί
868 1477 933 1541 είσι
956 1471 1101 1559 δυνάμει

81 1583 190 1668 μόνον
214 1580 409 1670 σύμμετροι·
440 1584 476 1649 έιι
500 1580 563 1649 δύο
588 1578 654 1670 άρα
673 1577 851 1668 ὀνομάτων
874 1579 964 1647 ἐστὶν
983 1575 1004 1664 ἡ
1022 1584 1101 1647 ΕΚ.

81 1685 155 1775 ἤτοι
179 1686 217 1755 δέ
244 1683 264 1773 ἡ
286 1694 350 1754 ΕΘ
371 1690 430 1772 της
455 1695 523 1755 ΘΚ
548 1693 660 1773 μεῖζον
689 1685 831 1754 δύναται
858 1696 904 1779 τῷ
929 1683 994 1753 άπὸ
1019 1703 1104 1772 συμ-

29 1818 61 1868 15
82 1795 204 1880 μέτρου
229 1789 373 1881 ἕαυτηῆ
401 1796 446 1884 τῷ
471 1791 536 1862 άπὸ
560 1791 785 1881 ἀσυμμέτρου.
830 1792 993 1860 δυνάσθω
1018 1791 1103 1880 πρό-

81 1923 179 1987 τερον
202 1904 249 1991 τῷ
273 1898 337 1968 άπὸ
363 1901 553 1989 συμμέτρου
577 1900 677 1988 ἑαυτῇ
706 1898 815 1986 μηάει*
858 1900 914 1967 καὶ
938 1897 1102 1986 οὐδετέρα

80 2009 149 2073 των
177 2012 257 2091 ΕΘ,
281 2013 349 2073 ΘΚ
375 2005 562 2093 σύμμετρός
590 2007 658 2074 έστι
685 2008 725 2093 τῇ
756 2005 926 2093 ἐκκειμένῃ
951 2007 1035 2093 ῥητῇ
1058 2008 1099 2092 τῇ

81 2117 144 2177 ΕΖ
167 2111 276 2196 μηαει·
312 2108 333 2197 ἡ
358 2118 429 2178 ΕΚ
449 2110 522 2198 άρα4
539 2114 574 2179 ἐκ
602 2110 665 2179 δύο
695 2109 872 2198 ὀνομάτων
901 2112 970 2179 ἐστὶ
998 2115 1097 2199 τρίτη.

82 2214 164 2302 ῥητὴ
189 2215 227 2283 δὲ
250 2215 270 2303 ἡ
291 2224 369 2283 ΕΖ·
407 2216 468 2285 ἐὰν
491 2216 529 2285 δὲ
551 2223 676 2304 χωρίον
698 2219 888 2307 περιέχηται
910 2215 976 2286 ὑπὸ
1001 2220 1101 2306 ῥητῆς

28 2348 63 2397 20
81 2322 136 2389 καὶ
158 2324 217 2408 της
241 2323 276 2389 ἐκ
300 2321 362 2390 δύο
387 2319 564 2409 ὀνομάτων
587 2329 714 2411 τρίτης,
739 2322 760 2411 ἡ
788 2322 826 2393 τὸ
850 2329 976 2413 χωρίον
1000 2327 1099 2392 δυνα-

82 2428 164 2515 μένη
190 2430 225 2496 ἐκ
249 2427 312 2496 δύο
336 2429 447 2516 μέσων
471 2430 539 2497 ἐστὶ
560 2433 711 2518 δευτέρα·
735 2429 755 2517 ἡ
775 2429 841 2519 άρα
858 2433 896 2497 τὸ
916 2437 983 2517 ΕΙ,
1007 2454 1102 2498 τουτ-

82 2534 152 2604 έστι
180 2533 218 2604 τὸ
247 2543 334 2620 ΑΛ,
368 2536 538 2622 δυναμένη
567 2539 603 2604 έιι
631 2536 694 2606 δύο
723 2538 834 2624 μέσων
860 2535 929 2604 ἐστὶ
952 2538 1102 2623 δευτέρα.

82 2639 165 2710 ιἰλλα
200 2640 242 2729 δὴ
275 2639 296 2728 η
330 2649 393 2710 ΕΘ
424 2645 483 2728 τῆς
515 2649 583 2710 ΘΚ
613 2650 725 2729 μεῖζον
758 2644 921 2711 δυνάσθω
954 2646 1000 2734 τῷ
1034 2640 1098 2709 άπο

81 2743 296 2834 ἀσυμμέτρου
319 2748 419 2838 ἑαυτῇ
444 2747 553 2836 μήκει·
594 2751 650 2818 καὶ
677 2747 889 2837 ἀσύμμετρός
917 2750 1007 2816 ἐστιν
1032 2748 1101 2816 ἕκα-

28 2878 63 2928 25
81 2851 160 2940 τέρα
182 2862 251 2920 τάν
273 2861 349 2936 ΕΘ,
373 2861 441 2921 ΘΚ
460 2858 500 2944 τῇ
524 2863 588 2923 ΕΖ
610 2854 719 2943 μήκει·
751 2853 772 2943 ἡ
796 2854 863 2943 άρα
887 2860 956 2922 ΕΚ
977 2854 1099 2922 ἐκδύο

85 2955 262 3045 ὀνομάτων
286 2949 377 3028 έστὶν
400 2962 484 3048 έκτη.
531 2961 591 3030 ἐὰν
615 2962 653 3030 δέ
675 2968 800 3050 χωρίον
823 2962 1011 3049 περιέχηται
1034 2959 1099 3029 ὑπὸ
1160 2972 1180 2983 “’

84 3067 186 3153 ῥητῆς
207 3065 263 3132 καὶ
287 3068 346 3150 τῆς
371 3059 407 3134 έιι
431 3069 494 3135 δύο
519 3065 696 3154 ὀνομάτων
719 3070 828 3155 έκτης,
860 3067 881 3154 ἡ
909 3066 946 3136 τὸ
975 3073 1100 3154 χωρίον

155 3302 181 3351 1.
199 3315 241 3358 τις
261 3291 330 3367 ῥητή
349 3296 379 3352 F.
434 3298 492 3382 τῷ]
506 3314 575 3354 corr.
596 3313 630 3352 ex
647 3293 678 3352 τό
698 3296 811 3353 m.2P.
867 3302 892 3351 2.
911 3298 986 3369 ΕΗ]
1007 3300 1099 3353 EZb.

120 3371 144 3423 8.
164 3365 236 3422 Post
254 3368 316 3422 ίσον
335 3366 399 3423 add.
419 3388 497 3439 παρα
516 3367 568 3439 τὴν
588 3370 649 3423 ΘΗ
664 3368 698 3437 V,
718 3369 772 3424 del.
791 3388 829 3425 m.
848 3375 873 3423 2.
942 3374 968 3423 4.
989 3364 1055 3424 ἐπεί
1067 3399 1100 3410 -

79 3432 141 3505 ἄρα
158 3437 227 3511 καί]
247 3455 300 3496 om.
322 3439 348 3494 b.
414 3446 437 3496 ὅ.
457 3440 526 3513 τῶν]
548 3455 617 3495 corr.
637 3456 671 3494 ex
688 3435 720 3494 τό
739 3457 775 3495 m.
796 3445 812 3494 2
830 3440 857 3495 b.
919 3439 1100 3564 ΕΗχουρτω

5 3572 17 3619 ᾗ,
64 3508 133 3564 add.
155 3511 228 3570 Ob.
301 3511 564 3587 &IJORsupra
581 3510 751 3580 amm.
812 3510 970 3580 QOfz
1013 3553 1020 3565 .
1075 3517 1101 3565 6,
