2378 3832
104 160 147 225 36
488 162 690 215 ΣΤΟῙΧΕΙΩΝ
707 157 734 216 ι’.

102 300 141 370 τὸ
165 309 197 368 A
219 300 304 390 πρὸς
325 299 364 369 τὸ
388 309 427 388 Β,
451 301 557 383 οὕτως
579 302 616 371 τὸ
641 308 674 371 Γ
691 302 776 390 πρὸς
793 302 831 372 τὸ
853 311 898 370 A·
933 301 1013 370 οὐδὲ
1036 301 1074 370 τὸ
1096 308 1129 371 Γ

103 405 169 494 ἄρα
192 407 276 497 πρὸς
294 407 335 477 τὸ
354 416 387 475 A
405 409 509 496 λόγον
528 415 605 498 ἔχει,
630 408 672 479 ὃν
691 407 837 499 ἀριθμὸς
854 408 938 498 πρὸς
956 407 1123 497 ἀριθμόν·

104 511 317 602 ἀσύμμετρον
340 513 407 601 ἄρα
431 517 500 584 ἐστὶ
521 514 560 584 τὸ
585 522 617 584 Γ
634 526 680 609 τῷ
705 524 748 584 Δ.

151 618 247 688 ’Ἐὰν
270 619 337 709 ἄρα
359 622 503 710 τέσσαρα
526 623 664 721 μογέθη,
687 621 742 688 καὶ
763 619 804 688 τὰ
823 621 905 707 ἑξῆς.

70 819 87 868 ⁶
591 796 644 883 ω.

176 920 227 989 Τὰ
246 932 296 1014 τῷ
317 917 419 1012 αὐτῷ
438 921 600 1007 μεγέθει
622 921 823 1008 σύμμετρα
845 922 911 989 καὶ
934 920 1125 1008 ἀλλήλοις

105 1027 191 1096 ἐστὶ
215 1027 426 1115 σύμμετρα.

168 1130 347 1221 Ἑκάτερον
379 1132 444 1221 γὰρ
472 1137 540 1201 τῶν
563 1141 656 1219 Α,Β
683 1138 730 1226 τῷ
758 1140 790 1202 Γ
813 1139 896 1203 ἔστω
925 1133 1127 1223 σύμμετρον.

107 1238 203 1324 λέγω,
228 1235 280 1305 ὅτι
302 1238 359 1306 καὶ
381 1237 419 1307 τὸ
442 1246 475 1305 A
497 1250 543 1331 τῷ
566 1246 595 1307 Β
619 1242 688 1308 ἐστι
711 1238 911 1329 σύμμετρον.

56 1367 90 1417 10
173 1340 262 1412 Ἐπεὶ
289 1342 355 1432 γὰρ
383 1343 575 1433 σύμμετρόν
603 1345 732 1414 ἔστιτὸ
757 1355 790 1414 A
811 1351 857 1438 τῷ
880 1354 920 1434 Γ,
942 1347 979 1415 τὸ
1003 1358 1035 1415 A
1058 1346 1127 1435 ἄρα

107 1447 192 1535 πρὸς
218 1447 257 1517 τὸ
287 1455 319 1517 Γ
345 1450 450 1536 λόγον
483 1456 564 1538 ἔχει,
598 1448 640 1520 ὃν
672 1449 818 1540 ἀριθμὸς
848 1453 933 1539 πρὸς
965 1450 1127 1542 ἀριθμόν.

110 1555 223 1641 ἐχέτω,
255 1551 298 1622 ὃν
326 1552 344 1623 ὁ
369 1563 403 1622 A
424 1554 506 1642 πρὸς
528 1554 590 1624 τὸν
612 1564 651 1626 Ε.
696 1557 814 1644 πάλιν,
842 1559 912 1628 ἐπεὶ
936 1559 1129 1647 σύμμετρόν

108 1659 237 1730 ἔστιτὸ
261 1666 294 1728 Γ
311 1671 357 1754 τῷ
381 1669 421 1746 Β,
444 1661 481 1730 τὸ
505 1668 537 1730 Γ
555 1660 621 1750 ἄρα
644 1662 728 1752 πρὸς
749 1663 788 1733 τὸ
811 1672 840 1733 Β
860 1665 964 1752 λόγον
984 1670 1060 1751 ἔχει,
1086 1660 1128 1733 ὃν

109 1763 255 1853 ἀριθμὸς
277 1765 362 1853 πρὸς
384 1763 543 1854 ἀριθμόν.
594 1770 708 1856 ἐχέτω,
735 1766 776 1838 ὃν
801 1768 819 1839 ὁ
844 1777 872 1836 Ζ
893 1769 977 1857 πρὸς
999 1767 1060 1837 τὸν
1084 1776 1129 1839 Η.

58 1895 91 1946 15
111 1871 166 1939 καὶ
189 1873 302 1959 λόγων
325 1875 500 1943 δοθέντων
523 1872 723 1944 ὁποσωνοῦν
744 1881 807 1944 τοῦ
829 1901 874 1961 τε,
899 1871 940 1942 ὃν
963 1878 1028 1959 ἔχει
1053 1871 1071 1940 ὁ
1096 1883 1130 1942 A

109 1977 193 2065 πρὸς
210 1978 272 2047 τὸν
290 1988 334 2066 Ε,
353 1981 409 2048 καὶ
429 1979 456 2057 ὁΙ
467 1987 497 2046 Ζ·
512 1979 596 2068 πρὸς
614 1978 674 2048 τὸν
692 1988 729 2047 Η
746 1979 966 2065 εἰλήφθωσαν
984 1976 1128 2065 ἄρνθμοὶ

110 2084 184 2170 ἑξῆς
207 2086 243 2152 ἐν
265 2097 337 2165 τοῖς
364 2090 498 2154 δοθεῖσι
521 2085 634 2171 λόγοις
662 2088 698 2152 οἱ
722 2091 761 2168 θ),
785 2091 828 2169 Κ,
852 2090 895 2149 Λ·
937 2081 1021 2152 ὥστε
1039 2082 1128 2154 εἶναι

110 2187 155 2268 ὡς
178 2190 239 2275 μὲν
261 2189 323 2258 τὸν
346 2199 380 2258 A
401 2191 485 2279 πρὸς
507 2189 567 2259 τὸν
586 2198 627 2276 Ε,
651 2187 756 2268 οὕτως
774 2186 835 2257 τὸν
855 2189 985 2277 Θπρὸς
1001 2189 1063 2258 τὸν
1083 2199 1128 2279 K,

111 2291 156 2375 ὡς
179 2295 216 2363 δὲ
238 2296 300 2365 τὸν
324 2304 352 2363 Ζ
373 2295 457 2385 πρὸς
479 2293 539 2364 τὸν
563 2301 609 2381 Η,
633 2292 740 2375 οὕτως
761 2292 822 2363 τὸν
844 2301 880 2362 Κ
898 2294 982 2383 πρὸς
1004 2296 1065 2365 τὸν
1086 2305 1129 2367 Λ.

57 2424 92 2477 20
173 2399 263 2470 Ἐπεὶ
277 2395 340 2471 οὖν
354 2405 446 2471 ἐστιν
460 2400 505 2482 ὡς
516 2399 555 2469 τὸ
571 2410 603 2469 A
616 2400 701 2487 πρὸς
717 2400 755 2469 τὸ
770 2406 810 2488 Γ,
830 2403 935 2482 οὕτως
953 2400 971 2471 ὁ
993 2411 1027 2470 Δ
1043 2402 1131 2489 πρὸς

107 2506 169 2576 σὸν
196 2517 240 2595 Ε,
273 2505 343 2577 ἀλλ’
368 2505 414 2587 ὡς
442 2506 460 2575 ὁ
484 2515 518 2574 A
544 2505 628 2595 πρὸς
654 2505 715 2594 σὸν
744 2514 789 2593 Ε,
822 2507 928 2588 οὕτως
951 2507 970 2576 ὁ
993 2517 1022 2576 Θ
1044 2508 1130 2597 πρὸς

108 2612 169 2683 τὸν
191 2620 236 2701 Κ,
261 2619 351 2682 ἔστιν
374 2610 441 2706 ἄρα
462 2613 519 2681 καὶ
541 2611 587 2694 ὡς
609 2611 647 2682 τὸ
667 2623 699 2682 A
716 2612 801 2703 πρὸς
818 2614 856 2682 τὸ
876 2621 915 2701 Γ,
934 2613 1040 2695 οὕτως
1059 2612 1078 2683 ὁ
1099 2622 1129 2683 Θ

108 2719 192 2806 πρὸς
213 2719 275 2788 τὸν
298 2726 339 2788 Κ.
384 2718 502 2806 πάλιν,
530 2721 605 2789 ἐπεί
624 2720 716 2788 ἐστιν
738 2718 783 2800 ὡς
804 2719 843 2789 τὸ
868 2727 901 2788 Γ
918 2718 1003 2808 πρὸς
1024 2719 1062 2789 τὸ
1088 2727 1128 2807 Β,

110 2827 217 2906 οὕτως
240 2825 258 2895 ὁ
283 2834 312 2894 Ζ
338 2825 423 2914 πρὸς
451 2825 512 2896 τὸν
538 2833 588 2913 Η,
622 2823 690 2895 ἀλλ’
718 2824 764 2907 ὡς
791 2824 809 2895 ὁ
834 2835 862 2895 Ζ
888 2826 972 2916 πρὸς
997 2826 1057 2895 τὸν
1080 2835 1128 2914 Η,

56 2954 93 3005 νο
111 2931 244 3019 [οὕτως]
265 2929 334 3000 ὁΚ
349 2931 434 3022 πρὸς
446 2931 507 3002 τὸν
521 2941 564 3020 A,
587 2935 643 3001 καὶ
662 2931 707 3014 ὡς
724 2931 791 3022 ἄρα
809 2932 847 3001 τὸ
870 2939 902 3001 Γ
921 2931 1005 3021 πρὸς
1026 2931 1063 3001 τὸ
1087 2941 1128 3020 Β,

111 3036 218 3119 οὕτως
240 3040 259 3107 ὁ
281 3045 317 3106 Κ
338 3035 422 3126 πρὸς
442 3041 504 3107 τὸν
525 3047 565 3107 Λ.
620 3045 690 3107 ἔστι
718 3038 756 3107 δὲ
782 3038 838 3106 καὶ
862 3036 906 3119 ὡς
928 3037 966 3105 τὸ
990 3049 1022 3108 A
1045 3038 1130 3128 πρὸς

184 3203 207 3253 1.
232 3193 319 3270 οὐδέ]
339 3215 392 3253 om.
410 3197 444 3254 V.
516 3204 542 3254 2.
565 3194 639 3270 ἄρα]
664 3216 718 3254 om.
738 3197 772 3252 V.
844 3193 945 3271 λόγον]
968 3196 1025 3267 ἄρα
1043 3196 1129 3269 λόγον

110 3277 165 3342 οὖν
182 3285 216 3343 V.
289 3293 314 3342 4.
338 3283 471 3375 τέσσαρα]
495 3282 530 3342 τὰ
555 3275 626 3342 51⁴¹.
699 3286 773 3341 Ante
791 3287 841 3341 καὶ
860 3286 925 3342 add.
944 3282 1087 3356 ἀνάλογον
1115 3279 1126 3306 ’

109 3352 198 3425 BFb3
221 3352 363 3428 ἀνάλογον
380 3348 400 3431 ᾖ
436 3377 469 3413 το
493 3356 526 3413 δὲ
550 3359 661 3426 πρῶτον
679 3357 718 3413 τῶ
738 3355 861 3428 δευτέρῳ
880 3354 1038 3429 σύμμετρον
1056 3349 1073 3447 ᾖ
1095 3309 1127 3414 νη.

144 3426 216 3486 Post
233 3423 299 3499 ἑξῆς
317 3428 382 3486 add.
401 3398 471 3499 Vm
491 3427 551 3484 ἔδει
570 3431 663 3496 δεῖξαι
684 3413 714 3484 V.
773 3434 799 3484 ὁ.
819 3426 868 3500 ιβ’]
888 3445 959 3484 corr.
978 3446 1013 3484 ox
1031 3449 1063 3484 ιοι
1090 3447 1126 3484 m.
1173 3483 1176 3490 ,

80 3508 150 3563 m.
169 3497 202 3554 R
269 3499 429 3572 ᾶμογέθη
449 3500 475 3558 b.
542 3495 737 3576 16.Ιὸπο’σων.9
757 3500 781 3555 V
801 3502 921 3570 (comm.
988 3506 1029 3556 17.
1050 3494 1128 3571 ἑξῆς]
