2378 3832
99 168 165 246 242
485 168 686 222 ΣἹῸΙΧΕΙΩΝ
705 165 733 224 ι’.

573 332 641 375 πα.

169 437 221 520 Τῇ
241 432 361 520 μέσης
378 429 555 520 ἀποτομῇ
575 430 740 523 δευτέρα
758 437 826 519 μία
843 431 970 518 μόνον
992 455 1116 520 προσ-

99 538 261 627 αρμόζει
285 535 424 607 εὐθεῖα
443 536 539 624 μέση
560 538 730 624 δυνάμει
748 536 874 624 μόνον
892 537 1117 628 σύμμετρος

98 649 142 733 τῇ
167 643 252 733 ὅλη,
276 647 371 731 μετὰ
395 643 438 712 δὲ
459 654 526 731 τῆς
548 643 640 730 ὅλης
663 644 785 730 μέσον
807 643 1055 731 περιέχουσα.

63 776 79 825 5
156 749 265 820 ’Ἐστω
294 750 395 838 μέσης
422 747 572 837 ἀποτομὴ
601 749 740 838 δευτέρα
767 747 789 837 ἡ
812 758 878 819 ΑΒ
905 750 961 817 καὶ
983 761 1023 839 τῇ
1047 759 1114 820 AB

98 855 376 944 προσαρμόζουσα
403 854 424 942 ἡ
452 862 526 923 ΒΓ·
568 859 605 923 αλ
633 854 699 943 άρα
726 861 806 943 ΑΓ,
828 861 891 923 ΓΒ
919 857 1015 942 μέσαι
1048 858 1112 924 εἰσὶ

99 961 240 1049 δυνάμει
268 961 375 1047 μόνον
404 960 587 1048 σύμμετροι
614 961 718 1047 μέσον
745 958 959 1047 περιέχουσαι
986 960 1024 1030 τὸ
1046 960 1110 1030 ὑπὸ
1132 992 1135 1000 ’

98 1068 166 1135 τάν
188 1073 263 1151 ΑΓ,
285 1071 356 1134 ΓΒ·
383 1065 480 1152 λέγω,
501 1064 610 1156 ὅτιτῇ
629 1074 694 1135 ΑΒ
714 1065 807 1154 ἑτέρα
826 1064 869 1134 οὐ
886 1067 1111 1157 προσαρμόσει

98 1171 217 1241 εὐθεῖα
244 1171 326 1259 μέση
355 1172 496 1260 δυνάμει
519 1172 626 1260 μόνον
649 1175 835 1261 σύμμετρος
859 1164 944 1239 οὖσα
971 1178 1011 1262 τῇ
1040 1173 1114 1261 ὅλη,

46 1305 80 1354 10
98 1283 178 1366 μετά
204 1279 242 1348 δὲ
263 1283 322 1367 της
345 1277 424 1366 ὅλης
446 1281 549 1367 μέσον
572 1283 777 1370 περιέχουσα.

66 1438 68 1444 ,
165 1390 210 1452 Εἰ
225 1388 289 1472 γὰρ
310 1384 466 1471 δυνατόν,
484 1385 738 1473 προσαρμοζέτω
757 1382 778 1472 ἡ
797 1393 877 1453 BA·
901 1387 957 1453 καὶ
976 1389 1014 1453 αἱ
1030 1397 1062 1454 Α
1069 1396 1114 1472 Δ,

97 1496 164 1557 ΔΒ
193 1488 258 1578 ὅρα
286 1490 382 1577 μέσαι
410 1490 474 1558 εἰσὶ
503 1490 645 1578 δυνάμει
673 1491 780 1578 μόνον
803 1490 985 1580 σύμμετροι
1008 1493 1112 1577 μέσον

97 1597 309 1683 περιέχουσαι
332 1595 370 1666 τὸ
393 1593 459 1664 ὑπὸ
478 1601 547 1665 τῶν
568 1604 644 1682 ΑΛ,
660 1604 735 1665 AB.
771 1597 827 1665 καὶ
846 1601 1007 1666 ἐκκείσθω
1029 1599 1115 1685 ῥητὴ

97 1700 117 1789 ἡ
142 1710 213 1790 ΕΖ,
236 1703 292 1770 καὶ
315 1715 387 1782 τοῖς
409 1702 470 1790 μέν
493 1699 558 1770 άπὸ
583 1707 652 1772 τάν
670 1709 744 1788 ΑΓ,
764 1709 824 1770 ΓΒ
846 1711 922 1771 ἴσον
940 1703 1030 1792 παρὰ
1049 1703 1114 1791 την

46 1833 78 1882 1⁶
98 1815 161 1876 EZ
184 1808 453 1898 παραβεβλήσθω
481 1808 519 1877 τὸ
543 1815 616 1876 ΕΗ
639 1807 762 1889 πλάτος
788 1813 910 1877 ποιοῦν
936 1809 1000 1896 τὴν
1023 1817 1111 1878 ΕΜ·

96 1918 141 2005 τῷ
167 1915 205 1983 δὲ
228 1915 280 1995 δὶς
301 1913 368 1984 ὑπὸ
391 1920 460 1984 τῶν
482 1922 559 2001 ΑΓ,
583 1921 644 1982 ΓΒ
668 1924 745 1984 λ’σον
767 1913 958 2003 άφηρήσθω
980 1918 1019 1985 τὸ
1043 1924 1117 1984 ΘΗ

96 2020 219 2100 πλάτος
240 2026 363 2090 ποιοῦν
381 2021 442 2109 τὴν
461 2029 547 2090 ΘΜ·
573 2025 693 2090 λοιπὸν
717 2019 837 2110 ἄρατὸ
857 2029 924 2090 EA
947 2030 1023 2091 λ’σον
1041 2022 1110 2090 ἐστὶ

96 2130 142 2217 τῷ
166 2123 231 2195 άπὸ
254 2131 313 2214 τῆς
335 2135 413 2196 ΑΒ·
437 2125 521 2198 (ὅστε
543 2126 564 2215 ἡ
588 2134 653 2195 ΑΒ
678 2129 817 2196 δύναται
839 2126 877 2195 τὸ
902 2134 976 2195 EA.
1008 2126 1106 2195 πάλιν

97 2229 139 2316 δὴ
162 2245 232 2311 τοῖς
256 2229 321 2300 άπὸ
343 2237 411 2300 τῶν
434 2241 516 2319 ΑΛ,
535 2241 602 2301 ΔΒ
626 2241 702 2302 ἴσον
725 2231 813 2322 παρὰ
835 2236 897 2319 τὴν
921 2241 983 2301 ΕΖ
1006 2257 1108 2321 παρα-

43 2360 78 2409 20
96 2335 275 2422 βεβλησθω
300 2335 336 2406 τὸ
360 2345 418 2405 ΕΙ
437 2338 560 2418 πλάτος
577 2344 700 2408 ποιοῦν
721 2337 783 2426 την
802 2346 884 2407 ΕΝ·
909 2344 979 2406 ἔστι
997 2339 1036 2408 δὲ
1054 2339 1110 2407 καὶ

95 2437 133 2509 τὸ
153 2448 218 2509 EA
243 2449 319 2509 ἴσον
341 2448 387 2534 τῷ
410 2441 476 2511 άπὸ
498 2448 557 2530 τῆς
575 2452 639 2512 AB
662 2443 871 2534 τετραγώνῳ·
900 2444 1020 2513 λοιπὸν
1043 2446 1110 2534 άρα

95 2544 133 2614 τὸ
158 2553 214 2615 ΘΙ
235 2555 311 2616 ἴσον
334 2547 403 2616 ἐστὶ
425 2552 471 2641 τῷ
495 2549 547 2629 δὶς
569 2547 634 2618 ὑπὸ
657 2554 726 2619 τῶν
748 2557 833 2640 ΑΔ,ι
848 2556 924 2619 ΔΒ.
961 2551 1018 2618 καὶ
1037 2551 1108 2619 ἐπεὶ

95 2654 192 2740 μέσαι
211 2654 297 2722 εἰσὶν
316 2657 354 2721 αλ
368 2660 444 2740 ΑΓ,
458 2661 530 2742 ΓΒ,
555 2657 638 2743 μέσα
657 2655 722 2743 άρα
741 2658 809 2724 ἐστὶ
829 2656 884 2723 καὶ
902 2654 942 2722 τά
960 2654 1025 2724 άπὸ
1040 2661 1110 2724 τῶν

95 2766 175 2844 ΑΓ,
201 2766 270 2828 ΓΒ.
315 2766 374 2827 καί
394 2761 484 2829 ἐστιν
509 2769 564 2829 ἴσα
587 2767 631 2853 τῷ
656 2769 739 2830 ΕΗ·
776 2763 879 2849 μέσον
902 2762 968 2850 άρα
990 2763 1047 2830 καὶ
1070 2762 1109 2831 τδ

42 2888 77 2938 σε
96 2871 173 2932 ΕΗ.
201 2866 256 2932 καὶ
270 2864 358 2952 παρὰ
373 2868 478 2954 ῥητὴν
492 2867 553 2954 τὴν
567 2876 628 2935 ΕΖ
642 2867 835 2956 παράκειται
849 2868 972 2948 πλάτος
985 2880 1110 2938 ποιοῦν

95 3009 308 3021 ,ι--ι-ι

168 3083 191 3131 2.
217 3075 286 3146 μέση
309 3079 356 3133 uel
378 3078 448 3151 μέση
471 3079 611 3135 LBEVb.
698 3076 769 3150 μόνη
793 3081 826 3137 V.
915 3086 941 3136 ὁ.
964 3078 1035 3150 μέση
1059 3082 1108 3136 uel

96 3146 166 3218 μέση
185 3147 300 3218 ΙιΒΕλ),
321 3166 335 3203 e
355 3165 423 3207 corr.
442 3150 476 3208 V.
548 3149 680 3223 δευτέρα]
705 3168 758 3206 om.
778 3152 805 3206 b.
879 3152 942 3223 AB]
961 3156 984 3204 B
1002 3151 1032 3205 in
1050 3169 1106 3206 ras.

96 3218 217 3274 m.1P.
290 3218 390 3293 καλιῇ
409 3223 471 3294 AB]
492 3239 545 3277 om.
566 3223 599 3277 V.
672 3228 696 3276 6.
720 3218 750 3294 ἡ]
776 3217 898 3290 MV.
955 3219 1109 3293 as]supra

96 3305 148 3343 scr.
167 3309 204 3345 m.
223 3291 323 3376 τεαὶ).
384 3289 454 3346 εἰσίν
472 3292 558 3346 LBP.
620 3300 643 3347 7.
663 3288 706 3363 τό]
725 3289 820 3347 AL?
877 3299 902 3348 8.
922 3293 990 3363 τῶν]
1010 3309 1063 3347 om.
1080 3294 1106 3348 b.

87 3361 454 3487 Afflwff‘ffffl‘fffflssb
487 3364 654 3502 Πίὅὸά]
675 3361 907 3488 π”ὅλεῖωἰὸ
974 3362 1107 3488 W

113 3473 157 3557 λλ,
180 3503 230 3559 καλ
248 3474 355 3562 λοιπάὸ
374 3503 407 3562 V.
457 3475 532 3564 ‘22
555 3476 616 3561 ἴσον
636 3452 733 3560 -λὸ,
753 3505 793 3576 τῷ
811 3477 964 3574 ΕΗλως,
982 3521 1018 3557 m.
1040 3509 1053 3556 1
1072 3503 1103 3556 F.
