2378 3832
123 177 187 242 316
509 182 710 235 ΣΤοιΧΕιςιιι
729 177 756 236 ι’.

123 328 207 406 ΑΗ,
231 328 313 406 ΗΒ,
341 326 386 414 τῷ
412 322 449 389 δὲ
471 318 537 390 ὑπὸ
560 325 629 391 τῶν
647 330 729 409 ΑΗ,
753 330 821 391 ΗΒ
843 323 881 392 τὸ
906 322 960 403 δὶς
982 319 1050 390 ὑπὸ
1074 328 1141 391 τῶν

122 433 204 512 ΑΗ,
219 433 299 496 ΗΒ·
327 425 523 516 άσάμμετρνι
546 426 612 514 άριι
636 429 705 496 ἐστὶ
726 427 767 497 τὰ
792 426 858 497 άτιὸ
880 432 949 498 τῶν
972 435 1058 515 ΑΗ,
1073 437 1139 498 ΗΒ

122 537 168 625 τῷ
193 534 245 614 δὶς
267 532 333 603 ὑπὸ
361 538 430 603 τῶν
457 541 545 620 ΛΗ,
569 541 645 603 ΗΒ.
691 533 775 602 ἀλλὰ
802 548 873 616 τοῖς
895 533 957 621 μὲν
981 533 1049 602 άπὸ
1074 540 1138 605 τῶν

123 646 200 726 ΑΗ,
219 647 288 709 ΗΒ
311 648 386 710 ἴσον
411 642 479 710 ἐστὶ
502 640 539 710 τὸ
564 647 643 728 ΓΛ,
666 645 711 732 τῳ
736 641 774 710 δὲ
797 643 850 721 δὶς
872 639 939 709 ὑπὸ
961 643 1032 710 ττόν
1057 649 1138 729 ΛΗ,

87 753 190 818 ῠΗΒ
214 756 291 816 ἴσον
313 749 382 817 ἐστὶ
400 746 438 817 τὸ
462 756 538 817 ΖΛ·
581 745 794 837 ἀσύμμετρον
821 747 887 837 άρα
915 749 986 817 ἐστὶ
1013 748 1053 817 τὸ
1077 755 1135 817 ΓΛ

121 855 167 942 τῷ
192 860 265 923 ΖΛ.
311 852 356 935 ὥς
383 854 420 923 δὲ
447 852 485 923 τὸ
509 860 574 922 ΓΛ
596 854 680 943 πρὸς
702 858 739 924 τὸ
763 863 843 942 ΖΛ,
872 855 980 934 οὕτως
1003 852 1133 942 {mm}

122 964 200 1027 ΓΜ
217 963 301 1045 πρὸς
322 959 385 1044 τὴν
409 965 493 1027 ΖΜ·
526 957 734 1046 ἀσύμμετρος
757 959 823 1046 άρα
842 957 934 1029 ἐστὶν
957 960 978 1048 ἡ
1005 968 1084 1029 ΓΜ
1099 971 1136 1050 τῇ

124 1071 201 1132 ΖΜ
218 1065 322 1152 μήκει.
365 1071 425 1133 καί
445 1070 531 1134 εἰσιν
548 1064 735 1153 άμῳότερνιι
759 1067 869 1153 ῥηταί·
906 1069 944 1133 αἱ
965 1066 1033 1153 ἄρα
1058 1073 1136 1154 ΓΜ,

123 1177 195 1238 ΜΖ
223 1174 323 1258 ῥηταί
347 1176 413 1239 εἰσι
441 1171 583 1259 δυνάμει
611 1172 718 1260 μόνον
751 1172 946 1261 σύμμετροι·
987 1172 1135 1262 άτιοτομὴ

70 1299 103 1347 10
121 1275 188 1365 άριι
210 1273 303 1345 ἐστὶν
325 1275 346 1364 ἡ
370 1285 439 1347 ΓΖ.

190 1385 286 1470 Λέγω
311 1384 366 1471 δή,
389 1384 440 1453 ὅτι
462 1386 518 1454 καὶ
540 1392 642 1472 τρίτη.

187 1485 275 1558 Ἐπεὶ
299 1489 363 1580 γάρ
387 1493 575 1581 σύμμετρόν
597 1491 666 1561 ἐστι
689 1493 727 1562 τὸ
752 1493 817 1561 άπὸ
836 1503 895 1580 τῆς
913 1498 992 1559 ΑΗ
1007 1495 1054 1583 τῷ
1073 1491 1135 1560 άτιό

123 1600 181 1682 τῆς
204 1604 288 1684 ΗΒ,
317 1597 508 1687 σύμμετρον
535 1598 601 1687 άριι
628 1601 685 1668 καὶ
712 1603 749 1669 τὸ
771 1606 834 1669 ΓΘ
859 1603 904 1691 τῷ
929 1605 1013 1666 ΚΛ·
1056 1597 1136 1667 ὥστε

122 1704 178 1771 καὶ
201 1702 222 1790 ἡ
246 1711 315 1773 ΓΚ
334 1710 374 1794 τῇ
397 1712 481 1773 ΚΜ
523 1707 578 1774 καὶ
603 1707 673 1774 ἐπεὶ
695 1710 763 1775 τῶν
786 1705 851 1775 άπὸ
874 1710 944 1775 τῶν
968 1712 1051 1792 ΑΗ,
1070 1712 1135 1772 ΗΒ

71 1832 104 1881 15
123 1810 227 1897 μέσον
250 1809 420 1898 ἀνάλογόν
444 1813 512 1879 ἐστι
534 1814 573 1879 τὸ
596 1809 662 1880 ὑπὸ
680 1816 748 1881 τῶν
772 1820 855 1899 ΑΗ,
878 1819 962 1898 ΗΒ,
989 1817 1051 1879 καί
1071 1814 1137 1880 ἐστι

122 1919 167 2008 τῷ
192 1916 254 2003 μὲν
277 1915 342 1985 ἀπὸ
365 1921 424 2004 τῆς
442 1923 518 1984 ΑΗ
536 1925 613 1985 ἴσον
635 1917 673 1986 τὸ
692 1923 765 2004 ΓΘ,
788 1923 834 2010 τῷ
858 1918 895 1987 δὲ
913 1917 979 1987 άπὸ
996 1922 1057 2005 τῆς
1070 1924 1137 1985 ΗΒ

124 2030 199 2091 ἴσον
222 2022 260 2091 τὸ
283 2030 364 2108 ΚΛ,
388 2028 434 2117 τῷ
459 2023 496 2092 δὲ
518 2021 584 2091 ὑπὸ
611 2027 680 2092 τῶν
704 2031 785 2109 ΑΗ,
808 2031 876 2092 ΗΒ
901 2033 977 2093 ἴσον
994 2026 1034 2092 τὸ
1056 2030 1137 2108 ΝΛ,

123 2129 178 2195 καὶ
201 2133 269 2197 τῶν
292 2136 369 2215 ΓΘ,
394 2135 463 2197 ΚΛ
490 2127 556 2216 άρνι
579 2131 683 2216 μέσον
706 2128 878 2215 ἀνάλογόν
901 2131 969 2198 ἐστι
992 2129 1031 2198 τὸ
1053 2136 1137 2198 ΝΛ·

123 2238 214 2302 ἔστιν
241 2233 308 2320 άρνι
336 2232 381 2315 ὥς
407 2237 444 2303 τὸ
471 2241 534 2303 ΓΘ
565 2233 649 2323 πρὸς
676 2233 714 2304 τὸ
742 2240 829 2321 ΝΛ,
862 2234 968 2317 οὕτως
999 2235 1039 2304 τὸ
1067 2242 1138 2304 ΝΛ

70 2365 104 2413 20
123 2342 206 2426 πρὸς
237 2342 274 2406 τὸ
307 2345 385 2406 ΚΛ.
436 2338 510 2408 ἀλλ’
537 2337 583 2420 ὡς
614 2339 675 2427 μὲν
707 2339 744 2409 τὸ
776 2347 839 2408 ΓΘ
870 2340 952 2429 πρὸς
984 2341 1022 2410 τὸ
1056 2348 1138 2427 ΝΛ,

124 2441 230 2524 οὕτως
252 2442 343 2513 ἐστὶν
364 2443 385 2532 ἡ
409 2452 478 2515 ΓΚ
497 2446 581 2535 πρὸς
599 2444 660 2533 τὴν
674 2454 764 2533 ΝΜ,
788 2445 834 2528 ὡς
857 2446 894 2515 δὲ
912 2445 949 2515 τὸ
964 2454 1001 2516 Ν
1006 2455 1038 2514 Λ
1054 2445 1141 2537 πρὸς

122 2549 160 2619 τὸ
184 2557 269 2638 ΚΛ,
293 2551 400 2633 οὕτως
422 2553 513 2621 ἐστὶν
536 2551 556 2639 ἡ
580 2559 666 2621 ΝΜ
682 2555 765 2640 πρὸς
787 2551 848 2640 τὴν
871 2559 961 2622 ΚΜ·
1002 2550 1048 2634 ὡς
1071 2553 1138 2642 ἄρα

122 2655 143 2743 ἡ
167 2664 235 2727 ΓΚ
256 2683 340 2748 τιρος
362 2657 424 2746 τὴν
448 2666 542 2744 ΜΝ,
571 2656 677 2740 οὕτως
701 2660 790 2727 ἐστὶν
813 2656 834 2745 ἡ
860 2665 941 2726 ΜΝ
963 2656 1049 2747 πρὸς
1075 2659 1139 2746 τὴν

122 2771 213 2832 ΚΜ·
252 2766 290 2834 τὸ
313 2765 378 2851 άριι
401 2763 467 2834 ὑπὸ
491 2770 560 2833 τῶν
583 2772 663 2851 ΓΚ,
688 2773 771 2833 ΚΜ
795 2774 871 2834 ἴσον
894 2762 964 2833 ἐστὶ
986 2767 1032 2856 τῷ
1058 2764 1141 2850 [άπὸ

69 2893 103 2942 25
122 2874 180 2956 τῆς
195 2878 279 2955 ΜΝ,
298 2873 447 2940 τουτέστι
465 2876 525 2963 τῷ]
545 2871 688 2963 τετάρτῳ
708 2873 799 2960 μέρει
818 2876 878 2940 τοῦ
897 2870 963 2940 άπὸ
982 2875 1043 2958 τῆς
1056 2879 1137 2942 ΖΜ.

124 2976 194 3044 ἐπεὶ
218 2967 281 3044 οὖν
305 2978 367 3046 δύο
392 2974 523 3046 εὐθεῖαι
545 2977 663 3047 άνισοί
682 2983 769 3047 εἰσιν
796 2981 835 3046 αἱ
855 2984 941 3064 ΓΜ,
965 2985 1054 3064 ΜΖ,
1083 2980 1139 3046 καὶ

123 3084 169 3174 τῷ
193 3083 336 3172 τετάρτῳ
367 3083 458 3169 μέρει
485 3087 547 3152 τοῦ
576 3082 640 3152 άιιὸ
668 3088 725 3170 τῆς
753 3091 830 3151 ΖΜ
853 3091 928 3152 ἴσον
957 3086 1049 3172 παρά
1076 3085 1140 3171 τὴν

123 3193 202 3255 ΓΜ
218 3190 466 3276 παραβέβληται
495 3190 648 3258 ἐλλεῖπον
676 3193 758 3258 εἴδει
783 3189 984 3280 ’τετραγώνῳ
1011 3191 1069 3258 καὶ
1093 3196 1140 3270 εἰς

199 3390 225 3469 1.ι
241 3378 285 3454 τό]
305 3378 463 3474 σύμμετρόν
482 3378 540 3438 ἔστι
558 3381 590 3440 τό
615 3385 714 3440 Theon
733 3383 869 3453 (BFVb).
950 3385 1066 3474 ²299&
1085 3391 1139 3440 ΗΒ

117 3454 173 3512 del.
195 3475 227 3510 το
247 3457 299 3511 ΖΛ
318 3454 351 3513 V.
408 3462 663 3529 ασνμμετρα-ῧ.
684 3456 826 3527 Hsslom.
843 3455 873 3510 P.
928 3461 953 3512 2.
973 3475 1138 3528 νισνμμετρα

106 3535 183 3586 -5,
207 3529 477 3605 ZAng.m.1V.
533 3523 770 3602 QQQQme).
823 3521 1024 3592 ἒῦτινΒριιἾ,
1075 3525 1149 3593 ἔιτιῖἡ
