2378 3832
483 135 684 188 ΣΤΟΙΧΕῙΩΝ
703 132 729 188 ι’.

562 275 627 343 ff.

168 378 220 446 Τὰ
249 377 324 447 ἀπὸ
353 383 434 447 τών
461 380 575 467 μήκει
598 381 831 470 συμμέτρων
861 379 1032 450 εὐθειών
1056 409 1116 451 τε·

96 484 281 572 τρώγωνα
311 487 408 572 πρὸς
435 484 584 574 ἄλληλα
616 486 740 572 λόγον
774 493 869 575 ἔχει,
902 485 948 556 ὃν
979 488 1114 578 τετρώ-

96 618 223 677 γωνος
246 589 418 679 ἀριθμὸς
441 591 537 681 πρὸς
559 592 811 680 τετράγωνον
830 592 1020 683 ἀριθμόν·
1047 595 1115 662 καὶ

62 696 142 771 κτὰ
173 697 399 786 τετράγωνα
431 696 476 764 τὰ
508 695 606 782 πρὸς
633 696 783 784 ἄλληλα
810 699 932 785 λόγον
956 705 1117 788 ἔχοντα,

98 800 144 872 ὃν
166 803 414 892 τετράγωνος
437 800 610 891 ἀριθμὸς
632 801 730 893 πρὸς
752 805 1003 893 τετρώγωνον
1027 804 1116 893 ώρι·

96 909 217 997 θμόν,
245 909 309 976 καλ
331 907 399 988 τὰς
421 906 593 995 πλευρὰς
615 909 693 989 ἕξει
716 911 833 996 μήκει
856 913 1116 998 συμμέτρους.

96 1017 140 1082 τὰ
164 1015 206 1084 δὲ
229 1013 302 1082 ἀπὸ
326 1017 404 1081 τών
428 1013 544 1101 μήκει
567 1013 832 1103 ἀσυμμέτρων
862 1016 1032 1086 εὐθειῶν
1055 1044 1116 1086 τε-

97 1121 279 1208 τρώγωνα
306 1117 403 1207 πρὸς
431 1118 580 1206 ἄλληλα
608 1119 729 1206 λόγον
759 1120 829 1189 οὐκ
861 1128 958 1211 ἔχει,
992 1122 1116 1211 ὅνπερ

47 1251 80 1301 10
98 1224 346 1314 τετράγωνος
360 1221 531 1310 ἀριθμὸς
549 1223 909 1315 πρὸςτετρώγωνον
924 1226 1117 1316 ἀριθμόν·

96 1332 162 1398 καὶ
193 1329 238 1397 τὰ
270 1329 498 1419 τετράγωνα
530 1329 574 1398 τὰ
606 1330 704 1419 πρὸς
736 1330 887 1418 ἄλληλα
914 1336 1036 1419 λόγον
1064 1333 1113 1420 μή

97 1443 257 1524 ἔχοντα,
290 1433 336 1503 ὃν
368 1436 616 1525 τετράγωνος
648 1433 821 1525 ἀριθμὸς
852 1437 949 1527 πρὸς
980 1438 1117 1526 τετρώ-

96 1568 227 1629 γωνον
251 1539 446 1629 ἀριθμόν,
480 1540 574 1610 οὐδὲ
595 1539 664 1621 τὰς
690 1542 868 1630 πλευρὰς
894 1545 972 1625 ἕξει
1000 1546 1117 1630 μήκει

98 1648 357 1736 συμμέτρους.

46 1781 79 1830 15
157 1754 332 1821 Ἔστωσαν
355 1752 420 1840 γὰρ
444 1757 481 1820 αλ
503 1764 545 1839 Α,
564 1760 592 1820 Β
612 1754 707 1840 μήκει
726 1753 920 1842 σύμμετροι·
944 1759 1039 1841 λέγω,
1064 1753 1119 1822 ὅτι

97 1860 135 1929 τὸ
159 1858 224 1928 ιἰπὸ
249 1869 308 1946 τῆς
326 1868 358 1926 A
380 1858 591 1947 τετράγωνον
615 1857 699 1948 πρὸς
719 1858 756 1927 τὸ
781 1857 846 1928 ἀπὸ
870 1865 928 1944 τῆς
950 1867 979 1925 Β
1001 1859 1117 1943 τετρά-

85 1992 209 2053 ’γωνον
236 1964 340 2050 λόγον
369 1969 449 2051 ἔχει,
483 1961 523 2032 ὃν
550 1964 758 2050 τετράγωνος
790 1962 936 2052 ἀριθμὸς
958 1961 1041 2050 πρὸς
1063 1989 1115 2031 τε-

97 2072 272 2161 τράγωνον
296 2069 454 2159 ἀριθμόν.

163 2174 251 2245 Ἐπεὶ
274 2177 339 2265 γὰρ
364 2173 551 2263 σύμμετρός
574 2176 664 2241 ἐστιν
687 2171 707 2259 ή
731 2180 764 2238 A
786 2178 825 2262 τή
849 2181 878 2241 Β
901 2173 1011 2262 μήκει,
1038 2173 1058 2261 ή
1082 2186 1117 2244 A

45 2309 82 2359 20
100 2282 166 2370 ἄρα
185 2283 267 2372 πρὸς
285 2280 347 2368 τήν
365 2289 394 2349 Β
413 2282 517 2366 λόγον
536 2285 613 2367 ἔχει,
638 2276 679 2348 ὃν
695 2276 841 2366 ἀριθμὸς
859 2279 943 2369 πρὸς
957 2279 1117 2368 ἀριθμόν.

99 2391 209 2476 ἐχέτω,
235 2385 275 2456 ὃν
300 2385 317 2454 ὁ
337 2393 370 2453 Γ
387 2382 471 2471 πρὸς
493 2382 553 2452 τὸν
578 2391 620 2452 A.
667 2385 736 2451 ἐπεὶ
760 2375 824 2452 οὖν
848 2387 939 2453 ἐστιν
968 2384 1012 2465 ώς
1036 2384 1057 2472 ή
1082 2396 1117 2454 A

97 2498 182 2582 πρὸς
204 2493 265 2582 τήν
288 2500 332 2577 Β,
361 2491 468 2569 οὕτως
496 2488 514 2557 ὁ
539 2495 572 2557 Γ
589 2490 671 2578 πρὸς
693 2490 754 2559 τὸν
776 2499 825 2576 Δ,
852 2488 936 2559 ἄλλα
964 2495 1025 2560 τοῦ
1054 2491 1117 2578 μὲν

97 2605 156 2687 τής
178 2609 212 2667 A
234 2595 317 2680 πρὸς
338 2595 401 2682 τήν
425 2602 454 2662 Β
478 2593 584 2681 λόγου
607 2600 792 2664 διπλασίων
816 2599 906 2665 ἐστὶν
932 2596 949 2665 ὁ
969 2602 1029 2666 τοῦ
1048 2596 1116 2667 ἀπὸ

97 2709 156 2792 τής
180 2715 211 2771 A
232 2701 446 2790 τετραγώνου
472 2699 556 2789 πρὸς
588 2699 625 2771 τὸ
654 2700 720 2770 ιἰπὸ
749 2707 808 2789 τής
836 2712 865 2770 Β
892 2703 1116 2790 τετράγωνον·

45 2836 79 2886 25
97 2811 137 2879 τὰ
166 2809 231 2896 γὰρ
260 2806 360 2895 ὅμοια
388 2807 538 2895 σχήματα
567 2809 819 2877 ἐν’ὃιπλασίονι
842 2809 931 2901 λόγῳ
956 2811 1024 2878 ἐστὶ
1048 2814 1118 2879 τών

99 2914 274 3005 ὁμολόγων
302 2917 469 3001 πλευρῶν·
521 2916 582 2982 τοῦ
610 2913 648 2980 δὲ
674 2919 736 2982 τοῦ
758 2921 791 2982 Γ
816 2913 1004 3003 [ἀριθμοῦ]
1033 2914 1118 3002 πρὸς

97 3022 159 3091 τὸν
175 3030 208 3089 Δ
223 3017 399 3108 [ἀριθμὸν]
415 3018 523 3106 λόγου
543 3024 729 3087 διπλασίων
743 3020 840 3087 ’ἐστὶν
860 3019 877 3088 ὁ
896 3033 958 3089 τοῦ
975 3019 1119 3090 ἀπὸτοῦ

99 3136 132 3196 Γ
149 3125 361 3215 τετραγώνου
383 3122 467 3213 πρὸς
489 3122 551 3192 τὸν
574 3122 640 3192 ἀπὸ
664 3128 724 3193 τοῦ
749 3133 782 3192 Δ
804 3125 1027 3214 τετράγωνον·
1053 3127 1118 3196 δύο

100 3232 165 3324 γὰρ
189 3231 408 3319 τετραγώνων
432 3228 590 3318 ἄριθμών
619 3224 666 3310 εἷς
693 3232 793 3317 μέσος
822 3230 993 3318 ιἰνώλογόν
1027 3235 1118 3301 ἐστιν

172 3401 196 3448 8
216 3413 237 3448 π
239 3388 286 3464 ρὸς
305 3387 423 3462 αλληλιι]
450 3404 605 3459 suprascr
624 3389 654 3444 F.
728 3387 831 3477 mv,
850 3409 919 3447 corr.
938 3410 974 3447 m.
996 3397 1019 3447 1
1092 3399 1119 3449 4

91 3414 254 3535 a'ptbao'ff
254 3479 341 3534 supra
358 3479 412 3520 scr.
432 3480 468 3516 m
489 3459 550 3514 2B.
614 3463 638 3516 ὅ.
657 3458 820 3532 τετράγωνα
838 3458 886 3533 τώ]
908 3479 1061 3532 suprascr.
1080 3480 1119 3521 m.
