2378 3832
111 155 174 219 138
495 156 697 208 ΣΤΟΙΧΕΙΩΝ
715 153 742 209 ι’.

108 324 158 378 τις
180 296 262 385 ῥητὴ
285 294 306 384 ἡ
326 305 370 383 Δ,
394 297 449 364 καὶ
471 301 511 386 τῇ
532 305 566 364 Δ
584 298 771 384 σύμμετρος
793 300 876 365 ἔστω
899 298 996 384 μήκει
1014 293 1036 382 ἡ
1054 302 1131 365 ΕΖ.

109 400 192 492 ῥητὴ
221 400 287 491 ἄρα
316 403 383 471 ἐστὶ
410 404 467 471 καὶ
494 401 515 490 ἡ
545 411 616 472 ΕΖ.
660 404 717 472 καὶ
749 404 911 490 γεγονέτω
940 400 986 483 ὥς
1013 399 1031 471 6
1060 409 1129 470 BA

110 507 256 597 ἄρνθμὸς
283 508 365 598 πρὸς
392 507 452 579 τὸν
475 517 556 596 ΑΓ,
585 508 690 590 οὕτως
717 507 755 579 τὸ
784 507 851 578 ἀπὸ
876 513 935 597 τῆς
956 517 1020 576 ΕΖ
1042 507 1129 597 πρὸς

109 614 147 683 τὸ
171 612 235 685 ἀπὸ
259 620 317 703 τῆς
341 624 416 686 ZH.
458 614 476 684 6
501 617 539 685 δὲ
561 625 626 684 ΑΒ
649 615 733 706 πρὸς
754 615 814 686 τὸν
833 622 903 685 ΑΓ
916 615 1021 702 λόγον
1049 620 1126 703 ἔχει,

64 740 90 789 '5
111 718 152 790 ὃν
176 719 321 810 ἀριθμὸς
347 720 430 811 πρὸς
457 720 619 811 νἰρνθμόν·
660 724 717 791 καὶ
741 721 779 792 τὸ
803 721 868 791 ἀπὸ
891 726 949 810 τῆς
974 730 1036 791 ΕΖ
1061 720 1127 809 ἄρα

109 828 193 916 πρὸς
220 827 258 897 τὸ
287 825 353 896 ἀπὸ
381 837 441 914 τῆς
468 835 540 896 ΖΗ
560 831 663 915 λόγον
691 834 770 917 ἔχει,
800 827 841 898 ὃν
868 826 1016 918 ἀριθμὸς
1043 826 1126 917 πρὸς

110 932 270 1023 ἀριθμόν·
312 934 392 1014 Am
424 933 614 1021 σύμμετρόν
647 938 715 1004 ἐστι
744 934 782 1004 τὸ
810 933 876 1004 ἀπὸ
903 940 962 1023 τῆς
990 943 1054 1003 ΕΖ
1081 939 1125 1027 τῷ

109 1038 175 1109 ἀπὸ
198 1044 257 1127 τῆς
281 1048 358 1108 ΖΗ.
397 1047 457 1108 καί
477 1043 545 1110 ἐστι
569 1042 651 1130 ῥητὴ
674 1040 697 1129 ἡ
718 1050 793 1110 ΕΖ·
826 1041 1000 1131 ῥητῂᾶρα
1024 1037 1128 1126 καὶὴ

111 1154 187 1214 ΖΗ.
232 1146 287 1212 καὶ
316 1147 386 1214 ἐπεὶ
410 1144 428 1215 6
452 1155 518 1215 BA
540 1146 623 1237 πρὸς
649 1147 711 1216 τὸν
740 1154 809 1216 ΑΓ
826 1148 929 1234 λόγον
958 1147 1020 1216 οὐκ
1048 1151 1127 1233 ἔχει,

58 1275 92 1323 10
112 1249 152 1320 ὃν
184 1252 392 1341 τετράγωνος
428 1251 574 1341 ἀριθμὸς
607 1254 690 1343 πρὸς
721 1252 932 1340 τετράγωνον
964 1251 1130 1340 ἀριθμόν,

110 1355 191 1427 οὐδὲ
213 1357 251 1426 τὸ
275 1357 341 1427 ἀπὸ
364 1362 423 1446 τῆς
442 1367 503 1427 ΕΖ
522 1358 588 1448 ἄρα
610 1359 695 1446 πρὸς
711 1359 750 1429 τὸ
770 1357 837 1429 ἆττὸ
855 1365 914 1447 τῆς
934 1366 1006 1427 ΖΗ
1018 1359 1131 1446 λόγον

110 1470 186 1553 ἔχει,
201 1461 241 1533 ὃν
255 1466 462 1552 τετράγωνος
476 1464 622 1554 ἀριθμὸς
636 1466 720 1552 πρὸς
732 1467 944 1556 τετράγωνον
961 1462 1132 1555 ἀριθμόν·

109 1570 316 1660 ἀσύμμετρος
344 1571 409 1659 ἄρα
437 1574 528 1641 ἐστὶν
554 1570 575 1659 ἡ
601 1580 663 1641 ΕΖ
690 1578 729 1662 τῇ
754 1580 826 1641 ΖΗ
845 1572 949 1661 μήκει.
991 1575 1029 1639 αἱ
1051 1579 1131 1660 ΕΖ,

109 1686 182 1746 ΖΗ
195 1677 261 1768 ἄρα
284 1682 385 1767 ῥηταί
404 1684 468 1747 εἰσι
493 1678 633 1766 δυνάμει
656 1678 764 1765 μόνον
784 1679 978 1768 σύμμετροι·
1004 1678 1130 1747 ἐκδύο

58 1804 91 1855 15
110 1783 176 1874 ἄρα
199 1783 377 1872 ὀνομάτων
400 1788 489 1854 ἐστὶν
513 1784 534 1873 ἡ
558 1794 635 1854 ΕΗ.

177 1893 289 1977 Λέγω,
312 1892 364 1960 ὅτι
385 1892 442 1959 καὶ
464 1891 587 1980 πρώτη.

175 1995 263 2066 Ἐπεὶ
288 2001 351 2085 γάρ
381 2001 470 2067 ἐστιν
495 1996 539 2078 ὡς
555 1997 576 2075 ,ὁ
591 2007 666 2090 ¹BA
688 1996 834 2086 ἀριθμὸς
861 1994 944 2087 πρὸς
964 1999 1025 2067 τὸν
1051 2005 1132 2086 ΑΓ,

111 2102 216 2183 οὕτως
239 2101 276 2170 τὸ
300 2101 365 2172 ἀπὸ
388 2107 446 2190 τῆς
469 2112 532 2171 ΕΖ
555 2103 638 2191 πρὸς
660 2102 698 2173 τὸ
722 2102 788 2173 ἀπὸ
811 2108 871 2191 τῆς
892 2111 975 2190 ΖΗ,
1003 2111 1131 2191 μείζων

112 2210 150 2278 δὲ
177 2207 195 2277 6
224 2217 289 2277 BA
315 2214 376 2278 τοῦ
399 2216 480 2296 ΑΓ,
509 2209 711 2300 μεῖζονᾶρα
738 2211 793 2278 καὶ
820 2209 858 2279 τὸ
886 2209 951 2279 ἀπὸ
978 2214 1039 2297 τῆς
1062 2219 1131 2279 ΕΖ

57 2336 92 2384 20
109 2319 172 2384 τοῦ
194 2314 258 2383 ἀπὸ
282 2320 340 2403 τῆς
363 2323 439 2383 ΖΗ.
485 2320 568 2385 ἔστω
592 2309 656 2385 οὖν
678 2321 723 2409 τῷ
750 2314 814 2386 Am&
838 2321 895 2404 τῆς
918 2325 980 2384 ΕΖ
1004 2324 1063 2384 ἴσα
1084 2315 1131 2386 τὰ

110 2419 175 2489 ἀπὸ
199 2424 267 2488 τῶν
291 2428 368 2506 ΖΗ,
392 2429 428 2489 Θ.
472 2422 527 2489 καὶ
551 2424 624 2490 ἐπεί
644 2424 734 2491 ἐστιν
758 2421 802 2504 ὡς
825 2421 843 2491 6
868 2431 934 2491 BA
957 2422 1042 2509 πρὸς
1064 2422 1130 2492 τὸν

110 2532 189 2614 ΑΓ,
217 2525 323 2607 οὕτως
349 2525 387 2595 τὸ
422 2525 485 2596 ἀπὸ
513 2539 571 2615 τῆς
599 2536 661 2597 ΕΖ
688 2529 771 2618 πρὸς
799 2528 836 2598 τὸ
865 2528 930 2600 ἀπὸ
957 2541 1017 2617 τῆς
1046 2538 1128 2617 ΖΗ,

110 2632 356 2720 ἀναστρέψαντι
374 2631 440 2720 ἄρα
459 2635 549 2702 ἐστὶν
563 2633 608 2715 ὡς
627 2633 644 2703 6
661 2643 725 2703 AB
744 2634 826 2724 πρὸς
844 2635 906 2705 τὸν
924 2643 997 2721 ΒΓ,
1017 2634 1130 2718 οὕτως

110 2738 147 2808 τὸ
172 2737 236 2808 &aad
259 2749 317 2824 τῆς
339 2747 402 2807 ΕΖ
425 2738 507 2826 πρὸς
529 2741 567 2809 τὸ
591 2739 656 2809 ἀπὸ
681 2747 739 2828 τῆς
762 2749 799 2810 Θ.
845 2740 864 2810 6
888 2742 926 2810 δὲ
949 2749 1016 2809 ΑΒ
1040 2742 1128 2831 πρὸς

57 2869 93 2919 25
109 2844 170 2914 τὸν
184 2852 250 2914 ΒΓ
259 2843 362 2932 λόγον
377 2850 453 2933 ἔχει,
473 2843 514 2914 ὃν
528 2847 734 2935 τετράγωνος
751 2845 897 2934 ἀριθμὸς
914 2846 998 2937 πρὸς
1010 2849 1129 2936 τετρά-

110 2959 223 3038 γώνον
251 2950 416 3042 ἀριθμόν·
461 2954 517 3020 καὶ
544 2951 582 3020 τὸ
610 2951 674 3021 ἀπὸ
702 2953 761 3040 τῆς
790 2960 852 3021 ΕΖ
879 2952 946 3040 ἄρα
973 2952 1058 3040 πρὸς
1087 2952 1127 3024 τὸ

110 3055 177 3127 ἀπὸ
199 3063 259 3145 τῆς
281 3067 310 3127 Θ
332 3058 435 3146 λόγον
459 3064 538 3147 ἔχει,
568 3055 609 3126 ὃν
635 3058 843 3146 τετράγωνος
872 3057 1018 3148 ἀριθμὸς
1041 3061 1129 3148 πρὸς

110 3165 323 3253 τετράγωνον
345 3163 503 3254 ἀριθμόν.
544 3164 728 3253 σύμμετρος
751 3164 816 3252 ἄρα
840 3167 930 3234 ἐστὶν
953 3164 974 3254 ἡ
1000 3173 1063 3235 ΕΖ
1084 3178 1125 3256 τῇ

183 3366 207 3416 1.
226 3362 390 3488 ueksupra
413 3377 463 3416 sor.
487 3379 523 3415 m.
544 3367 558 3414 1
579 3361 612 3415 V.
685 3367 710 3417 2.
731 3357 789 3415 ἐστὶ
807 3363 873 3433 καί]
899 3356 975 3416 ἐστίν
994 3363 1024 3416 Β.
1099 3368 1124 3417 ³.

18 3448 38 3491 ·.·
109 3434 179 3506 ΑΓ]
201 3437 252 3489 ΓΑ
297 3433 355 3489 Vb.
392 3431 464 3487 Dein
482 3432 544 3486 add.
565 3427 690 3500 ἀριθμόν
709 3432 742 3489 V.
789 3434 930 3519 ἣ4.ΖΗ]
956 3437 984 3487 Η
1003 3433 1123 3488 erasm.

135 3499 261 3559 m-
283 3510 307 3560 5.
328 3499 470 3576 ἀριθμόν]
490 3501 692 3576 mg.m.‘2B.
746 3499 904 3557 5.on
957 3509 984 3559 8.
1002 3500 1078 3559 ἐστιν
1091 3502 1122 3558 Β.
