2378 3832
108 188 176 252 304
494 190 696 242 ΣΤΟΙΧΕΙΩΝ
715 185 741 241 ι’.

99 338 167 403 ,ΑΙ
187 341 233 422 τῷ
253 335 329 413 ΖΚ,
352 328 566 417 ἀσύμμετρον
589 329 654 417 ἄρα
676 330 733 397 καὶ
760 327 798 397 τὸ
821 328 887 397 ἀπὸ
911 340 971 415 τῆς
990 336 1059 397 ΛΟ
1079 335 1125 423 τῷ

107 435 174 506 ίιπὸ
198 441 257 521 τής
281 442 361 504 ΟΝ·
399 440 437 503 αί
456 442 538 521 ΛΟ,
564 442 636 504 ΟΝ
655 435 720 523 ἄρα
744 434 886 522 δυνάμει
909 436 997 503 εἰσὶν
1021 437 1126 523 ἀσύμ-

47 603 52 611 .
107 570 223 630 μετροι
245 548 405 612 ποιοῦσαι
427 542 467 610 τό
490 569 524 610 τε
548 549 768 630 συγκείμενον
787 545 823 611 ἐκ
845 545 913 609 τῶν
936 538 994 609 ἀπ’
1011 541 1126 612 αὐτῶν

108 649 329 738 τετραγώνων
351 651 455 737 μέσον
477 650 534 717 καὶ
557 649 594 717 τὸ
615 649 668 729 δὶς
685 647 741 716 ὑπ’
764 647 877 717 αὐτων
896 650 1000 735 μέσον
1024 655 1073 717 ἔτι
1092 676 1126 718 τε

74 773 91 820 5
109 761 149 825 τὰ
170 757 226 826 ἀπ’
245 755 358 825 αὐτῶν
376 754 568 843 τετράγωνα
583 754 778 843 ἀσύμμετρα
795 766 841 846 τῷ
862 755 914 836 δὶς
927 753 985 823 ὑπ’
1003 755 1127 824 αὐτῶν.

109 861 129 950 ή
162 862 229 950 ίίρα
257 870 332 931 ΛΝ
360 860 482 948 ἄλογός
509 864 600 930 ἐστιν
632 860 653 948 ἡ
686 862 876 949 καλουμένη
907 861 990 948 μετὰ
1023 863 1127 948 μέσον

109 970 212 1056 μέσον
234 972 272 1036 τὸ
298 965 380 1036 ὅλον
404 971 562 1037 ποιοῦσα·
594 969 650 1035 καὶ
675 970 816 1036 δύναται
839 967 877 1037 τὸ
901 976 933 1036 Α
940 976 967 1037 Β
990 976 1125 1056 χωρίον.

172 1073 217 1142 Ἡ
236 1072 363 1157 ἄρατὸ
386 1079 511 1160 χωρίον
536 1076 706 1162 δυναμένη
730 1077 811 1161 μετὰ
832 1076 937 1161 μέσου
960 1078 1066 1162 μέσον
1089 1079 1127 1144 τὸ

110 1181 192 1249 ὅλον
215 1179 359 1248 ποιοῦσά
384 1183 487 1249 ἐστιν·
516 1179 598 1266 ὅπερ
622 1186 690 1250 ἔδει
714 1185 828 1262 δεῖξαι.

57 1408 91 1456 ιο
590 1392 647 1474 (ιζ’.

176 1524 225 1585 Το
255 1514 328 1585 ἀπὸ
358 1513 560 1603 ἀποτομῆς
586 1514 689 1603 παρὰ
717 1516 843 1604 ῥητήν
872 1522 1127 1605 παραβαλλό-

47 1667 53 1680 ·
109 1649 230 1710 μενον
253 1622 399 1704 πλάτος
421 1637 530 1691 ποιεῖ
550 1621 756 1710 ἀποτομήν
779 1623 946 1711 πρωτην,

167 1728 276 1798 Ἔστω
301 1728 452 1816 ἀποτομή
475 1728 496 1816 ή
516 1738 594 1816 AB,
618 1729 701 1817 ῥητή
725 1730 762 1798 δὲ
784 1728 805 1816 ή
825 1737 896 1816 ΓΔ,
920 1732 1041 1822 καὶτῷ
1061 1731 1125 1801 ἀπὸ

110 1841 169 1923 τής
196 1846 262 1906 AB
291 1846 366 1905 ἴσον
393 1835 483 1923 παρὰ
510 1837 574 1923 τήν
602 1843 669 1904 ΓΔ
699 1838 969 1925 παραβεβλήσθω
997 1838 1035 1906 τὸ
1065 1846 1128 1907 ΓΕ

58 1972 90 2021 15
110 1942 233 2024 πλάτος
256 1948 379 2012 ποιοῦν
397 1945 457 2031 τήν
476 1950 550 2011 ΓΖ·
574 1943 671 2029 λέγω,
690 1941 746 2011 ὅτι
766 1942 787 2030 ή
806 1950 868 2012 ΓΖ
886 1942 1038 2030 ἀποτομή
1058 1946 1126 2013 ἐστι

109 2050 232 2136 πρώτη.
859 2045 866 2056 ’
896 2068 899 2073 ’

168 2154 276 2223 Ἔστω
299 2155 363 2241 γὰρ
386 2160 426 2242 τή
450 2163 515 2223 ΑΒ
538 2154 816 2243 προσαρμόζουσα
839 2154 859 2243 ή
884 2163 964 2225 ΒΗ·
1002 2159 1038 2224 αί
1060 2156 1125 2243 ίίρα

111 2268 197 2346 ΑΗ,
223 2268 291 2329 ΗΒ
319 2263 418 2349 ῥηταί
443 2266 506 2329 εἰσι
536 2262 679 2349 δυνάμει
702 2265 810 2350 μόνον
833 2262 1024 2350 σύμμετροι.
1071 2264 1126 2330 καὶ

110 2371 156 2458 τῷ
172 2368 234 2453 μὲν
252 2366 317 2437 ἀπὸ
336 2378 395 2455 τῆς
408 2375 484 2436 ΑΗ
499 2376 574 2437 ἴσον
593 2368 683 2456 παρὰ
697 2369 759 2456 τήν
773 2374 836 2436 ΓΛ
853 2365 1125 2455 παραβεβλήσθω

58 2502 93 2551 20
112 2473 149 2542 τὸ
171 2480 241 2562 ΓΘ,
265 2479 309 2565 τῷ
335 2476 372 2544 δὲ
396 2473 460 2543 ἀπὸ
484 2486 543 2561 τής
562 2483 635 2543 ΒΗ
652 2475 690 2544 τὸ
710 2483 789 2544 ΚΛ.
825 2476 909 2544 ὅλον
927 2477 993 2561 ἄρα
1012 2473 1049 2543 τὸ
1067 2481 1099 2543 Γ
1097 2483 1126 2543 Λ

112 2591 188 2650 ἴσον
211 2582 280 2650 ἐστὶ
303 2595 373 2661 τοῖς
396 2579 462 2651 ίπὸ
489 2586 557 2650 τῶν
585 2588 671 2668 ΑΗ,
695 2588 776 2649 ΗΒ·
819 2573 868 2650 ὧν
895 2581 933 2649 τὸ
958 2588 1024 2648 ΓΕ
1051 2590 1127 2649 ἴσον

113 2688 181 2756 ἐστὶ
204 2692 248 2780 τῷ
273 2685 338 2756 ἀπὸ
362 2693 420 2776 τῆς
444 2696 520 2756 ΑΒ·
562 2688 683 2757 λοιπὸν
712 2687 778 2775 ἄρα
805 2687 843 2756 τὸ
869 2694 933 2755 ΖΛ
957 2697 1033 2756 ίσον
1058 2688 1126 2755 ἐστὶ

111 2798 157 2885 τῷ
186 2795 237 2874 ἃλς
263 2793 332 2862 ὑπὸ
360 2799 426 2863 τῶν
455 2800 540 2880 ΑΗ,
565 2801 641 2863 ΗΒ.
691 2794 867 2882 τετμήσθω
896 2791 916 2880 ή
946 2801 1024 2861 ΖΜ
1050 2799 1126 2881 δίχα

112 2896 195 2965 κατὰ
226 2897 264 2967 τὸ
293 2906 332 2966 Ν
360 2913 514 2987 σημείου,
547 2902 603 2968 καὶ
634 2899 731 2988 ήχθω
763 2899 819 2967 διὰ
847 2904 908 2969 τοῦ
932 2907 971 2968 Ν
996 2905 1036 2989 τῇ
1060 2907 1128 2967 ΓΛ

60 3033 95 3082 25
113 3003 327 3091 παράλληλος
357 3003 378 3092 ἡ
413 3009 491 3082 ΝΞ·
547 3004 705 3094 ἑκάτερον
742 3006 808 3093 ἄρα
843 3012 912 3076 τῶν
952 3009 1028 3092 ΖΞ,
1058 3013 1131 3074 ΛΝ

113 3119 189 3178 ἴσον
217 3110 284 3177 ἐστὶ
312 3115 357 3203 τῷ
385 3108 451 3179 ὑπὸ
482 3116 549 3180 των
577 3120 662 3197 ΑΗ,
686 3118 762 3181 ΗΒ.
807 3115 862 3179 καὶ
892 3113 961 3180 ἐπεὶ
989 3111 1029 3179 τὰ
1062 3109 1126 3178 ίιπό

184 3329 209 3377 2.
230 3325 300 3395 ΟΝ]
317 3325 416 3394 (prius)
431 3325 488 3379 ΝΟ
497 3324 526 3380 Ρ.
582 3333 607 3380 3.
626 3325 669 3396 τε]
689 3323 741 3394 μέν
755 3324 868 3380 BFVb.
924 3326 1124 3397 συγκείμενον]

113 3412 149 3448 m.
169 3399 184 3446 2
204 3393 237 3449 V.
297 3400 322 3450 4.
342 3396 406 3467 καί]
427 3395 478 3451 ins.
493 3398 614 3451 m.1V.
674 3395 726 3466 ἔτι]
749 3397 895 3453 ε-ἰοιοο.
915 3396 948 3452 V.
1013 3404 1036 3452 6.
1057 3399 1126 3466 ΛΝ]

106 3481 176 3521 cort.
198 3482 235 3523 ex
249 3469 315 3524 AN
328 3466 361 3526 B.
433 3472 458 3526 λ.
476 3469 611 3524 ποιοῦσαι
629 3487 660 3536 φ.
723 3473 750 3521 8.
768 3468 886 3538 ηωρίονή
903 3472 951 3522 AB
971 3468 1054 3535 Bm),
1075 3474 1126 3523 AB

70 3538 204 3609 ,χωρίον
225 3540 256 3599 V.
337 3549 363 3600 9.
384 3535 458 3615 ὅπερ
485 3539 547 3600 ἔδει
572 3540 687 3608 δεῖξαιη
703 3539 808 3591 ιωῖ.
878 3544 924 3589 n.
942 3533 1134 3606 ἂιπῆοωῦο.
