2378 3832
502 153 690 204 APPENDIX.

405 402 456 465 Ad
478 402 551 466 libr.
574 296 718 487 {aprop‘
742 403 793 468 36.

157 523 300 590 Uooauit
324 529 431 589 autem
455 546 527 589 eam
546 547 586 589 ex
605 524 731 590 duobus
750 526 945 610 nominibus,
969 528 1046 611 quia
1065 550 1103 592 ex

88 631 218 696 duabus
243 631 461 696 rationalibus
485 631 665 714 composita
689 635 751 716 est,
781 633 911 717 proprie
933 634 1104 717 rationale,

87 742 252 822 quatenus
275 738 435 802 rationale
460 742 519 821 est,
542 759 676 802 nomen
701 760 828 804 uocans.

402 1055 454 1121 Ad
477 1057 551 1120 libr.
573 953 716 1140 lxlprop
740 1058 793 1121 37.

159 1180 299 1246 Uooauit
331 1184 439 1245 autem
473 1202 544 1245 eam
577 1201 616 1243 ex
651 1179 775 1244 duabus
808 1181 922 1245 mediis
954 1182 1104 1266 primam,

86 1287 171 1372 quia
203 1287 343 1370 spatium
375 1287 532 1352 rationale
561 1285 850 1371 comprehendunt,
882 1291 915 1352 et
943 1287 1103 1351 rationale

82 1392 309 1480 principatum
332 1391 441 1456 habet.

403 1675 453 1739 Ad
476 1675 547 1738 libr.
570 1570 612 1738 lig
624 1696 715 1758 prop.
739 1676 789 1740 38.

157 1799 298 1865 Uooauit
326 1803 434 1862 autem
463 1821 534 1862 eam
562 1821 601 1862 ex
629 1799 753 1863 duabus
776 1799 891 1863 mediis
916 1798 1102 1880 secundam,

86 1907 168 1992 quia
190 1905 333 1969 medium
356 1905 633 1987 comprehendunt
651 1905 885 1990 reetangulum‚
909 1908 942 1968 et
960 1904 1102 1968 medium

85 2012 243 2095 rationali
265 2011 483 2095 postponitur.

86 2223 284 2308 prehensum
307 2223 496 2287 irrationale
514 2245 594 2307 esse,
617 2223 760 2307 adparet.
796 2245 873 2287 nam
897 2224 924 2288 ai
943 2223 1101 2288 rationale

87 2333 141 2394 eat
164 2332 198 2394 et
220 2333 328 2393 rectae
351 2329 506 2393 rationali
531 2329 729 2413 adplicatum
753 2332 816 2413 est,
841 2329 941 2394 etiam
964 2330 1102 2394 alterum

87 2436 159 2500 eius
182 2436 267 2500 latua
291 2435 450 2500 rationale
473 2439 524 2499 est
552 2439 656 2521 [prop.
679 2435 764 2516 XX].
810 2439 845 2500 at
867 2436 954 2500 idem
977 2435 1102 2499 irratio-

87 2543 165 2607 nale
198 2545 261 2626 est3
298 2541 384 2625 quod
417 2541 591 2607 absurdum
620 2546 678 2607 est.
728 2563 805 2627 ergo
834 2543 977 2625 spatium
1004 2540 1100 2606 rectia

87 2646 243 2712 rationali
266 2650 299 2712 et
322 2647 504 2711 irrationali
528 2647 795 2733 comprehensum
817 2647 1005 2710 irrationale
1028 2650 1087 2712 eat.

573 2842 621 2904 19.
739 2862 742 2867 ·

399 2946 451 3010 Ad
474 2946 546 3009 libr.
569 2945 600 3010 X
622 2967 713 3030 prop.
737 2947 789 3011 39.

155 3070 296 3136 Uooauit
332 3073 440 3134 autem
469 3031 554 3134 eam
595 3070 770 3153 maiorem,
811 3072 887 3155 quia
928 3072 1102 3138 rationalia

85 3173 323 3257 ABl-l-BF²
359 3176 484 3240 maiora
520 3181 597 3241 sunt
634 3177 739 3241 medio
777 3177 1027 3261 2ΑΒ><ΒΓ,
1067 3183 1101 3245 et
1155 3236 1164 3263 ,Ι

87 3346 217 3418 reperiere
236 3351 267 3406 F.
344 3356 370 3406 6.
390 3346 524 3406 ἐκάλεσεν
542 3350 628 3406 PBF.
704 3346 799 3422 τό]τό
819 3348 931 3408 ro'FV.
1009 3356 1072 3409 8.ᾶ

87 3420 192 3491 (priua)
211 3438 265 3476 om.
279 3421 313 3476 V.
369 3426 394 3476 9.
414 3418 473 3476 ἐστι
487 3422 547 3489 BV,
567 3438 657 3491 oomp.
672 3422 726 3477 Fb.
783 3428 824 3477 11.
843 3419 950 3492 nteriori
964 3418 1054 3480 αὗτοῦ
1094 3462 1101 3477 .

123 3497 165 3546 13.
185 3487 323 3547 ἐκάλεσεν
341 3491 427 3549 PBF.
490 3497 534 3552 15.
554 3492 645 3566 μέσων
662 3492 779 3550 turb.
