2378 3832
109 159 153 224 30
495 162 698 216 ΣΤΟΙΧΕΙΩΝ
717 158 743 216 ι’.

110 297 255 388 ἀριθμὸς
277 301 361 391 πρὸς
383 300 548 390 ἀριθμόν,
578 303 748 389 σύμμετρα
776 301 837 388 μὲν
861 306 952 369 ἔσται
976 296 1060 366 αὐτὰ
1085 295 1126 367 τά

108 407 298 495 τετράγωνα
323 410 475 496 δυνάμει,
500 407 609 477 οὐκέτι
629 408 666 474 δδ
683 408 739 475 καὶ
758 408 867 494 μήκει·
902 405 985 474 ὥστε
1003 403 1043 473 τὰ
1061 405 1125 491 μὲν

110 514 205 601 μήκει
230 514 398 603 σύμμετρα
422 515 632 595 πάνταςκαὶ
663 513 819 600 δυνάμει,
852 514 893 581 τά
918 513 955 580 δὲ
983 511 1126 598 δυνάμει

111 619 152 688 οὐ
176 620 385 701 πάνταςκαὶ
408 621 516 708 μήκει,
540 625 570 688 εἰ
592 619 636 707 μή
659 620 715 687 καὶ
739 621 842 707 λόγον
866 625 985 708 ἔχοιεν,
1011 616 1053 686 δν
1075 645 1127 687 τε-

76 725 282 813 στράγωνος
304 724 450 813 ἀριθμὸς
472 726 556 815 πρὸς
577 729 788 812 τετράγωνον
812 726 972 813 ἀριθμόν.

175 833 260 918 λέγω
283 835 338 918 δή,
362 830 412 899 ὅτι
433 832 516 916 [καὶ]
536 835 574 898 αλ
590 832 687 918 μήκει
706 831 910 920 ἀσύμμετροι
930 829 970 899 οὐ
990 831 1126 910 πάντως

108 940 164 1005 καὶ
183 937 336 1025 δυνάμει,
361 938 535 1024 ἐπειδήπερ
555 942 592 1005 αλ
609 939 749 1025 δυνάμει
764 938 946 1026 σι’μμετροι
961 937 1127 1004 δύνανται

108 1043 212 1129 λόγον
235 1042 279 1131 μή
303 1049 406 1130 ἔχειν,
435 1040 476 1112 δν
504 1045 712 1133 τετράγωνος
734 1043 881 1132 ἀριθμὸς
904 1042 988 1129 πρὸς
1011 1043 1126 1130 τετρά-

109 1177 221 1234 γωνον
250 1147 416 1238 ἀριθμόν,
447 1150 503 1217 καὶ
531 1148 586 1218 διὰ
616 1155 714 1218 τοῦτο
744 1151 886 1236 δυνάμει
915 1142 1013 1218 οὖσαι
1042 1147 1125 1235 σύμ-

59 1279 92 1326 10
112 1282 226 1342 μετμοι
250 1254 344 1341 μήκει
367 1255 454 1323 εἰσὶν
476 1251 690 1344 ἀσύμμετροι.
727 1257 811 1324 ὥστε
830 1253 891 1343 οὐχ
910 1259 947 1322 αλ
963 1259 1008 1346 τῷ
1027 1256 1127 1342 μήκει

109 1359 314 1448 ἀσύμμετροι
335 1360 467 1440 πάντως
488 1363 544 1429 καὶ
564 1364 716 1449 δυνάμει,
739 1360 823 1429 ἀλλὰ
843 1360 1007 1430 δύνανται
1026 1361 1124 1448 μήκει

110 1459 209 1534 οὖσαι
236 1463 439 1555 ἀσύμμετροι
468 1467 609 1554 δυνάμει
638 1466 724 1535 εἶναι
752 1469 806 1535 καὶ
834 1464 1039 1557 ἀσύμμετροι
1066 1470 1125 1536 καὶ

110 1571 300 1661 σύμμετροι.

176 1681 213 1744 αλ
235 1677 272 1746 δὲ
296 1677 438 1764 δυνάμει
457 1677 662 1764 ἀσύμμετροι
680 1677 885 1759 πάνταςκαὶ
904 1680 997 1766 μήκει
1018 1678 1123 1767 ἀσύμ-

58 1807 90 1854 15
110 1805 237 1870 μετροι·
283 1789 313 1852 εἰ
339 1781 403 1871 γὰρ
426 1786 523 1872 [elac]
552 1784 648 1913 μήκει
676 1785 872 1872 σύμμετροι,
905 1791 1037 1852 ἔσονται
1064 1787 1124 1852 καὶ

110 1889 252 1976 δυνάμει
283 1888 474 1976 σύμμετροι.
524 1887 716 1957 ὑπόκεινται
749 1890 786 1957 δὲ
818 1891 873 1957 καὶ
903 1889 1123 1975 ἀσύμμετροι

110 1993 190 2082 ὅπερ
223 1995 357 2076 ἀτοτιον.
411 1997 448 2061 αι
478 1992 543 2079 ἀρα
576 1995 717 2081 δυνάμει
751 1994 952 2117 ἀσύμμετροι
988 1993 1124 2076 πάντως

107 2103 162 2168 καὶ
187 2101 305 2187 μήκει]

539 2192 687 2275 Λῆμμα.

56 2334 91 2383 ιο
176 2315 352 2381 Δέδεικται
375 2313 412 2380 ἐν
433 2325 504 2391 τοῖς
526 2309 769 2399 ἀριθμητικοῖς,
793 2310 844 2379 ὅτι
864 2316 899 2380 οδ
919 2310 1030 2398 ὅμοιοι
1055 2315 1123 2380 ἐκί-

109 2424 204 2487 πεδοι
231 2417 372 2506 ἀριθμοὶ
399 2417 482 2505 πρὸς
509 2417 675 2505 ἀλλήλους
697 2418 800 2504 λόγον
825 2424 974 2505 ἔχουσιν,
1003 2415 1044 2485 δν
1070 2445 1121 2486 τε·

109 2525 280 2612 τράγωνος
303 2522 448 2611 ἀριθμὸς
470 2522 554 2612 πρὸς
571 2525 782 2611 τετράγωνον
801 2523 959 2610 ἀριθμόν,
983 2525 1038 2591 καὶ
1058 2523 1121 2610 ὅτι,

110 2629 168 2699 ἐὰν
202 2630 264 2699 δύο
297 2630 438 2717 ἀριθμοὶ
469 2628 552 2718 πρὸς
584 2629 747 2717 ἀλλήλους
778 2629 882 2716 λόγον
910 2635 1046 2717 ἔχωσιν,
1080 2627 1121 2698 δν

107 2737 314 2823 τετράγωνος
333 2736 478 2824 ἀριθμὸς
496 2737 580 2823 πρὸς
598 2736 808 2823 τετράγωνον
827 2733 988 2822 ἀριθμόν,
1011 2734 1124 2822 ὅμοιοί

56 2862 89 2911 25
109 2847 194 2911 εἰσιν
210 2846 366 2911 ἐπίπεδοι.
403 2844 459 2910 καὶ
478 2847 583 2929 δήλου
603 2845 638 2910 ἐκ
658 2842 798 2929 τούτων,
824 2841 874 2910 ὅτι
895 2845 930 2910 ολ
945 2840 990 2928 μή
1009 2840 1122 2929 ὅμοιοι

109 2951 257 3017 ἐπίπεδοι
281 2948 438 3038 ἀριθμοί,
466 2951 636 3018 τουτέστιν
665 2951 701 3016 ολ
726 2948 769 3035 μή
795 2947 966 3033 ἀνάλογον
990 2953 1121 3035 ἔχοντες

107 3053 166 3135 τάς
187 3057 347 3144 πλευράς,
375 3055 459 3143 πρὸς
487 3054 651 3142 ἀλλήλους
678 3055 781 3141 λόγον
811 3050 872 3123 οὐκ
900 3059 1050 3142 ἔχουσιν,
1079 3051 1120 3121 δν

108 3165 313 3248 τετράγωνος
332 3159 478 3249 ἀριθμὸς
496 3160 580 3249 πρὸς
592 3160 803 3247 τετράγωνον
818 3158 977 3250 ἀριθμόν.
1011 3165 1041 3226 εἰ
1054 3160 1118 3249 γὰρ

109 3268 253 3353 ἕξουσιν,
277 3265 387 3354 ὅμοιοι
412 3270 560 3335 ἐπίπεδοι
584 3271 729 3334 ἔσονται·
759 3264 840 3352 ὅπερ
860 3264 921 3352 οὐχ
939 3264 1120 3333 ὑπόκειται.

182 3434 205 3482 1.
229 3423 355 3497 ἀριθμόν
378 3426 497 3480 τινοιν.
575 3423 640 3506 μέν]
665 3442 718 3479 om.
742 3425 775 3481 V
854 3423 943 3511 ἔσται]
969 3423 1039 3478 εἰσιν
1063 3425 1119 3492 BF,

93 3491 176 3550 lam
198 3513 288 3566 comp.
311 3499 346 3570 b,-
374 3493 491 3566 ἐστιν,
521 3513 591 3553 corr.
610 3495 641 3550 in
666 3515 714 3566 μεν
739 3515 777 3551 m.
795 3502 822 3550 2.
897 3490 987 3564 αὐτάή
1009 3512 1061 3550 om.
1082 3495 1118 3559 V;
