<?xml version="1.0" encoding="UTF-8"?>
<!DOCTYPE html PUBLIC "-//W3C//DTD XHTML 1.0 Transitional//EN"
    "http://www.w3.org/TR/xhtml1/DTD/xhtml1-transitional.dtd">
<html xmlns="http://www.w3.org/1999/xhtml" xml:lang="en" lang="en">
 <head>
  <title>
</title>
<meta http-equiv="Content-Type" content="text/html;charset=utf-8" />
  <meta name='ocr-system' content='tesseract 3.04.00' />
  <meta name='ocr-capabilities' content='ocr_page ocr_carea ocr_par ocr_line ocrx_word'/>
</head>
<body>
  <div class='ocr_page' id='page_1' title='image "./euclidisoperaom11unkngoog_0148.png"; bbox 0 0 2378 3832; ppageno 0'>
   <div class='ocr_carea' id='block_1_1' title="bbox 384 159 1116 227">
    <p class='ocr_par' dir='ltr' id='par_1_1' title="bbox 384 159 1116 227">
     <span class='ocr_line' id='line_1_1' title="bbox 384 159 1116 227; baseline 0.01 -12"><span class='ocrx_word' id='word_1_1' title='bbox 384 165 659 227; x_wconf 76' lang='lat' dir='ltr'>amnnuronun</span> <span class='ocrx_word' id='word_1_2' title='bbox 676 165 785 215; x_wconf 80' lang='lat' dir='ltr'>amaa</span> <span class='ocrx_word' id='word_1_3' title='bbox 803 165 836 216; x_wconf 80' lang='lat' dir='ltr'>n.</span> <span class='ocrx_word' id='word_1_4' title='bbox 1052 159 1116 224; x_wconf 82' lang='grc'>137</span> 
     </span>
    </p>
   </div>
   <div class='ocr_carea' id='block_1_2' title="bbox 389 306 837 373">
    <p class='ocr_par' dir='ltr' id='par_1_2' title="bbox 389 306 837 373">
     <span class='ocr_line' id='line_1_2' title="bbox 389 306 837 373; baseline -0.002 0"><span class='ocrx_word' id='word_1_5' title='bbox 389 306 656 373; x_wconf 84' lang='lat' dir='ltr'>Definitiones</span> <span class='ocrx_word' id='word_1_6' title='bbox 681 307 837 373; x_wconf 78' lang='lat' dir='ltr'>alterae.</span> 
     </span>
    </p>
   </div>
   <div class='ocr_carea' id='block_1_3' title="bbox 116 429 1118 2004">
    <p class='ocr_par' dir='ltr' id='par_1_3' title="bbox 119 429 1118 1047">
     <span class='ocr_line' id='line_1_3' title="bbox 175 429 1116 516; baseline 0.001 -22"><span class='ocrx_word' id='word_1_7' title='bbox 175 432 199 494; x_wconf 94' lang='lat'>1.</span> <span class='ocrx_word' id='word_1_8' title='bbox 223 430 397 516; x_wconf 90' lang='lat' dir='ltr'>Proposita</span> <span class='ocrx_word' id='word_1_9' title='bbox 415 435 505 497; x_wconf 86' lang='lat' dir='ltr'>recta</span> <span class='ocrx_word' id='word_1_10' title='bbox 521 430 675 496; x_wconf 77' lang='lat' dir='ltr'><strong>rationali</strong></span> <span class='ocrx_word' id='word_1_11' title='bbox 700 434 733 495; x_wconf 90' lang='lat' dir='ltr'>et</span> <span class='ocrx_word' id='word_1_12' title='bbox 752 436 841 495; x_wconf 88' lang='lat' dir='ltr'>recta</span> <span class='ocrx_word' id='word_1_13' title='bbox 860 451 899 495; x_wconf 86' lang='lat' dir='ltr'>ex</span> <span class='ocrx_word' id='word_1_14' title='bbox 917 429 1042 495; x_wconf 88' lang='lat' dir='ltr'>duobus</span> <span class='ocrx_word' id='word_1_15' title='bbox 1060 452 1116 496; x_wconf 89' lang='lat' dir='ltr'>no-</span> 
     </span>
     <span class='ocr_line' id='line_1_4' title="bbox 119 536 1117 622; baseline 0.002 -22"><span class='ocrx_word' id='word_1_16' title='bbox 119 536 244 603; x_wconf 88' lang='lat' dir='ltr'>minibus</span> <span class='ocrx_word' id='word_1_17' title='bbox 264 538 300 602; x_wconf 91' lang='lat' dir='ltr'>in</span> <span class='ocrx_word' id='word_1_18' title='bbox 313 537 447 603; x_wconf 91' lang='lat' dir='ltr'>nomina</span> <span class='ocrx_word' id='word_1_19' title='bbox 465 537 579 622; x_wconf 86' lang='lat' dir='ltr'>diuisa,</span> <span class='ocrx_word' id='word_1_20' title='bbox 600 536 690 603; x_wconf 86' lang='lat' dir='ltr'>cuius</span> <span class='ocrx_word' id='word_1_21' title='bbox 708 558 829 601; x_wconf 93' lang='lat' dir='ltr'>nomen</span> <span class='ocrx_word' id='word_1_22' title='bbox 849 536 954 601; x_wconf 90' lang='lat' dir='ltr'>maius</span> <span class='ocrx_word' id='word_1_23' title='bbox 969 537 1117 620; x_wconf 91' lang='lat' dir='ltr'>potentia</span> 
     </span>
     <span class='ocr_line' id='line_1_5' title="bbox 119 641 1116 728; baseline 0.004 -23"><span class='ocrx_word' id='word_1_24' title='bbox 119 641 208 706; x_wconf 89' lang='lat' dir='ltr'>ninus</span> <span class='ocrx_word' id='word_1_25' title='bbox 239 643 367 708; x_wconf 77' lang='lat' dir='ltr'>excedit</span> <span class='ocrx_word' id='word_1_26' title='bbox 394 644 550 728; x_wconf 83' lang='lat' dir='ltr'>quadrato</span> <span class='ocrx_word' id='word_1_27' title='bbox 578 647 686 708; x_wconf 90' lang='lat' dir='ltr'>rectae</span> <span class='ocrx_word' id='word_1_28' title='bbox 715 643 779 708; x_wconf 86' lang='lat' dir='ltr'><strong>sibi</strong></span> <span class='ocrx_word' id='word_1_29' title='bbox 804 642 1008 726; x_wconf 80' lang='lat' dir='ltr'>longitudine</span> <span class='ocrx_word' id='word_1_30' title='bbox 1032 665 1116 709; x_wconf 93' lang='lat' dir='ltr'>com-</span> 
     </span>
     <span class='ocr_line' id='line_1_6' title="bbox 120 748 1118 836; baseline 0.002 -24"><span class='ocrx_word' id='word_1_31' title='bbox 120 749 342 836; x_wconf 83' lang='lat' dir='ltr'>mensurabilis,</span> <span class='ocrx_word' id='word_1_32' title='bbox 361 750 390 814; x_wconf 86' lang='lat' dir='ltr'>si</span> <span class='ocrx_word' id='word_1_33' title='bbox 408 751 514 816; x_wconf 91' lang='lat' dir='ltr'>maius</span> <span class='ocrx_word' id='word_1_34' title='bbox 532 772 652 815; x_wconf 90' lang='lat' dir='ltr'>nomen</span> <span class='ocrx_word' id='word_1_35' title='bbox 669 748 827 815; x_wconf 76' lang='lat' dir='ltr'>rationali</span> <span class='ocrx_word' id='word_1_36' title='bbox 845 749 1032 834; x_wconf 75' lang='lat' dir='ltr'>propositae</span> <span class='ocrx_word' id='word_1_37' title='bbox 1051 749 1118 814; x_wconf 94' lang='lat' dir='ltr'>lon-</span> 
     </span>
     <span class='ocr_line' id='line_1_7' title="bbox 122 855 1118 942; baseline 0.001 -22"><span class='ocrx_word' id='word_1_38' title='bbox 122 855 248 937; x_wconf 75' lang='lat' dir='ltr'>p&#39;tudine</span> <span class='ocrx_word' id='word_1_39' title='bbox 277 856 571 922; x_wconf 89' lang='lat' dir='ltr'>commensurabile</span> <span class='ocrx_word' id='word_1_40' title='bbox 601 860 663 942; x_wconf 86' lang='lat' dir='ltr'>est,</span> <span class='ocrx_word' id='word_1_41' title='bbox 690 860 825 920; x_wconf 86' lang='lat' dir='ltr'>uocetur</span> <span class='ocrx_word' id='word_1_42' title='bbox 853 877 891 919; x_wconf 87' lang='lat' dir='ltr'>ex</span> <span class='ocrx_word' id='word_1_43' title='bbox 915 855 1040 920; x_wconf 89' lang='lat' dir='ltr'>dnobus</span> <span class='ocrx_word' id='word_1_44' title='bbox 1063 878 1118 921; x_wconf 92' lang='lat' dir='ltr'>no-</span> 
     </span>
     <span class='ocr_line' id='line_1_8' title="bbox 122 961 384 1047; baseline 0.015 -23"><span class='ocrx_word' id='word_1_45' title='bbox 122 961 246 1028; x_wconf 86' lang='lat' dir='ltr'>minibus</span> <span class='ocrx_word' id='word_1_46' title='bbox 268 963 384 1047; x_wconf 87' lang='lat' dir='ltr'>prima.</span> 
     </span>
    </p>

    <p class='ocr_par' dir='ltr' id='par_1_4' title="bbox 116 1067 1118 1346">
     <span class='ocr_line' id='line_1_9' title="bbox 176 1067 1118 1153; baseline 0.001 -21"><span class='ocrx_word' id='word_1_47' title='bbox 176 1071 203 1135; x_wconf 86' lang='lat'>2.</span> <span class='ocrx_word' id='word_1_48' title='bbox 219 1067 277 1133; x_wconf 80' lang='lat' dir='ltr'>Sin</span> <span class='ocrx_word' id='word_1_49' title='bbox 291 1069 399 1135; x_wconf 84' lang='lat' dir='ltr'>minus</span> <span class='ocrx_word' id='word_1_50' title='bbox 412 1092 532 1135; x_wconf 90' lang='lat' dir='ltr'>nomen</span> <span class='ocrx_word' id='word_1_51' title='bbox 545 1069 699 1135; x_wconf 81' lang='lat' dir='ltr'>rationali</span> <span class='ocrx_word' id='word_1_52' title='bbox 713 1069 899 1153; x_wconf 89' lang='lat' dir='ltr'>propositae</span> <span class='ocrx_word' id='word_1_53' title='bbox 914 1067 1118 1153; x_wconf 82' lang='lat' dir='ltr'>longitudine</span> 
     </span>
     <span class='ocr_line' id='line_1_10' title="bbox 127 1173 1118 1261; baseline 0.004 -25"><span class='ocrx_word' id='word_1_54' title='bbox 127 1176 393 1241; x_wconf 83' lang='lat' dir='ltr'>commensurabile</span> <span class='ocrx_word' id='word_1_55' title='bbox 416 1180 475 1261; x_wconf 86' lang='lat' dir='ltr'>est,</span> <span class='ocrx_word' id='word_1_56' title='bbox 496 1181 631 1242; x_wconf 86' lang='lat' dir='ltr'>uocetur</span> <span class='ocrx_word' id='word_1_57' title='bbox 655 1197 693 1241; x_wconf 86' lang='lat' dir='ltr'>ex</span> <span class='ocrx_word' id='word_1_58' title='bbox 717 1176 842 1240; x_wconf 88' lang='lat' dir='ltr'>duobus</span> <span class='ocrx_word' id='word_1_59' title='bbox 860 1173 1047 1239; x_wconf 82' lang='lat' dir='ltr'>nominibus</span> <span class='ocrx_word' id='word_1_60' title='bbox 1072 1196 1118 1240; x_wconf 88' lang='lat' dir='ltr'>se-</span> 
     </span>
     <span class='ocr_line' id='line_1_11' title="bbox 116 1281 215 1346; baseline 0.071 -7"><span class='ocrx_word' id='word_1_61' title='bbox 116 1281 215 1346; x_wconf 76' lang='lat' dir='ltr'>cunda.</span> 
     </span>
    </p>

    <p class='ocr_par' dir='ltr' id='par_1_5' title="bbox 130 1384 1117 1662">
     <span class='ocr_line' id='line_1_12' title="bbox 177 1384 1115 1472; baseline 0.002 -22"><span class='ocrx_word' id='word_1_62' title='bbox 177 1385 201 1450; x_wconf 83' lang='lat'>3.</span> <span class='ocrx_word' id='word_1_63' title='bbox 229 1384 286 1452; x_wconf 78' lang='lat' dir='ltr'>Sin</span> <span class='ocrx_word' id='word_1_64' title='bbox 309 1393 460 1453; x_wconf 84' lang='lat' dir='ltr'>neutrum</span> <span class='ocrx_word' id='word_1_65' title='bbox 483 1410 604 1455; x_wconf 89' lang='lat' dir='ltr'>nomen</span> <span class='ocrx_word' id='word_1_66' title='bbox 631 1387 782 1453; x_wconf 89' lang='lat' dir='ltr'>rationali</span> <span class='ocrx_word' id='word_1_67' title='bbox 804 1386 990 1472; x_wconf 88' lang='lat' dir='ltr'>propositae</span> <span class='ocrx_word' id='word_1_68' title='bbox 1013 1388 1115 1472; x_wconf 83' lang='lat' dir='ltr'>longi·</span> 
     </span>
     <span class='ocr_line' id='line_1_13' title="bbox 130 1488 1117 1580; baseline 0.008 -29"><span class='ocrx_word' id='word_1_69' title='bbox 130 1488 214 1558; x_wconf 86' lang='lat' dir='ltr'>tudine</span> <span class='ocrx_word' id='word_1_70' title='bbox 228 1495 519 1560; x_wconf 88' lang='lat' dir='ltr'>commensurabile</span> <span class='ocrx_word' id='word_1_71' title='bbox 533 1499 591 1580; x_wconf 83' lang='lat' dir='ltr'>est,</span> <span class='ocrx_word' id='word_1_72' title='bbox 605 1497 740 1560; x_wconf 87' lang='lat' dir='ltr'>uocetur</span> <span class='ocrx_word' id='word_1_73' title='bbox 749 1515 787 1558; x_wconf 87' lang='lat' dir='ltr'>ex</span> <span class='ocrx_word' id='word_1_74' title='bbox 797 1492 921 1558; x_wconf 90' lang='lat' dir='ltr'>duobus</span> <span class='ocrx_word' id='word_1_75' title='bbox 931 1494 1117 1559; x_wconf 87' lang='lat' dir='ltr'>nominibus</span> 
     </span>
     <span class='ocr_line' id='line_1_14' title="bbox 132 1591 208 1662; baseline 0.053 -3"><span class='ocrx_word' id='word_1_76' title='bbox 132 1591 208 1662; x_wconf 73' lang='lat' dir='ltr'>troia.</span> 
     </span>
    </p>

    <p class='ocr_par' dir='ltr' id='par_1_6' title="bbox 126 1703 1116 2004">
     <span class='ocr_line' id='line_1_15' title="bbox 178 1703 1115 1791; baseline 0.004 -25"><span class='ocrx_word' id='word_1_77' title='bbox 178 1703 202 1768; x_wconf 87' lang='grc'>4.</span> <span class='ocrx_word' id='word_1_78' title='bbox 220 1704 346 1770; x_wconf 88' lang='lat' dir='ltr'>Rursus</span> <span class='ocrx_word' id='word_1_79' title='bbox 364 1705 391 1769; x_wconf 84' lang='lat' dir='ltr'>si</span> <span class='ocrx_word' id='word_1_80' title='bbox 406 1706 510 1771; x_wconf 91' lang='lat' dir='ltr'>maius</span> <span class='ocrx_word' id='word_1_81' title='bbox 523 1727 644 1771; x_wconf 91' lang='lat' dir='ltr'>nomen</span> <span class='ocrx_word' id='word_1_82' title='bbox 657 1705 805 1791; x_wconf 90' lang='lat' dir='ltr'>potentia</span> <span class='ocrx_word' id='word_1_83' title='bbox 820 1703 943 1768; x_wconf 78' lang='lat' dir='ltr'>excedit</span> <span class='ocrx_word' id='word_1_84' title='bbox 958 1704 1115 1788; x_wconf 88' lang='lat' dir='ltr'>quadrato</span> 
     </span>
     <span class='ocr_line' id='line_1_16' title="bbox 131 1810 1115 1896; baseline 0.003 -24"><span class='ocrx_word' id='word_1_85' title='bbox 131 1810 211 1875; x_wconf 72' lang='lat' dir='ltr'>rarae</span> <span class='ocrx_word' id='word_1_86' title='bbox 238 1811 303 1876; x_wconf 84' lang='lat' dir='ltr'>sibi</span> <span class='ocrx_word' id='word_1_87' title='bbox 335 1811 539 1896; x_wconf 82' lang='lat' dir='ltr'>longitudine</span> <span class='ocrx_word' id='word_1_88' title='bbox 566 1810 919 1894; x_wconf 87' lang='lat' dir='ltr'>incommensurabilis,</span> <span class='ocrx_word' id='word_1_89' title='bbox 951 1811 979 1874; x_wconf 91' lang='lat' dir='ltr'>si</span> <span class='ocrx_word' id='word_1_90' title='bbox 1010 1811 1115 1875; x_wconf 88' lang='lat' dir='ltr'>maius</span> 
     </span>
     <span class='ocr_line' id='line_1_17' title="bbox 126 1917 1116 2004; baseline 0.003 -27"><span class='ocrx_word' id='word_1_91' title='bbox 126 1921 221 1982; x_wconf 69' lang='lat' dir='ltr'>llomen</span> <span class='ocrx_word' id='word_1_92' title='bbox 237 1917 393 1983; x_wconf 90' lang='lat' dir='ltr'>rationali</span> <span class='ocrx_word' id='word_1_93' title='bbox 406 1919 594 2004; x_wconf 87' lang='lat' dir='ltr'>propositae</span> <span class='ocrx_word' id='word_1_94' title='bbox 608 1917 810 2003; x_wconf 81' lang='lat' dir='ltr'>longitudine</span> <span class='ocrx_word' id='word_1_95' title='bbox 824 1917 1116 1981; x_wconf 89' lang='lat' dir='ltr'>commensurabile</span> 
     </span>
    </p>
   </div>
   <div class='ocr_carea' id='block_1_4' title="bbox 45 2015 889 2110">
    <p class='ocr_par' dir='ltr' id='par_1_7' title="bbox 45 2015 889 2110">
     <span class='ocr_line' id='line_1_18' title="bbox 45 2015 889 2110; baseline 0.005 -25"><span class='ocrx_word' id='word_1_96' title='bbox 45 2060 47 2071; x_wconf 89' lang='lat'>·</span> <span class='ocrx_word' id='word_1_97' title='bbox 124 2015 167 2098; x_wconf 61' lang='lat' dir='ltr'>ella</span> <span class='ocrx_word' id='word_1_98' title='bbox 188 2028 320 2089; x_wconf 88' lang='lat' dir='ltr'>uocetur</span> <span class='ocrx_word' id='word_1_99' title='bbox 343 2045 383 2089; x_wconf 87' lang='lat' dir='ltr'>ex</span> <span class='ocrx_word' id='word_1_100' title='bbox 405 2023 530 2090; x_wconf 88' lang='lat' dir='ltr'>duobus</span> <span class='ocrx_word' id='word_1_101' title='bbox 553 2025 740 2090; x_wconf 89' lang='lat' dir='ltr'>nominibus</span> <span class='ocrx_word' id='word_1_102' title='bbox 764 2026 889 2110; x_wconf 88' lang='lat' dir='ltr'>quarta.</span> 
     </span>
    </p>
   </div>
   <div class='ocr_carea' id='block_1_5' title="bbox 171 2125 951 2321">
    <p class='ocr_par' dir='ltr' id='par_1_8' title="bbox 171 2125 951 2321">
     <span class='ocr_line' id='line_1_19' title="bbox 173 2125 951 2215; baseline 0.005 -23"><span class='ocrx_word' id='word_1_103' title='bbox 173 2125 201 2193; x_wconf 88' lang='grc'>5.</span> <span class='ocrx_word' id='word_1_104' title='bbox 224 2127 281 2195; x_wconf 79' lang='lat' dir='ltr'>Sin</span> <span class='ocrx_word' id='word_1_105' title='bbox 304 2130 411 2195; x_wconf 89' lang='lat' dir='ltr'>minus</span> <span class='ocrx_word' id='word_1_106' title='bbox 435 2131 724 2197; x_wconf 88' lang='lat' dir='ltr'>commensurabile</span> <span class='ocrx_word' id='word_1_107' title='bbox 748 2134 806 2215; x_wconf 82' lang='lat' dir='ltr'>ost,</span> <span class='ocrx_word' id='word_1_108' title='bbox 830 2131 951 2215; x_wconf 90' lang='lat' dir='ltr'>quinta.</span> 
     </span>
     <span class='ocr_line' id='line_1_20' title="bbox 171 2232 594 2321; baseline 0.009 -22"><span class='ocrx_word' id='word_1_109' title='bbox 171 2234 201 2299; x_wconf 88' lang='grc'>6.</span> <span class='ocrx_word' id='word_1_110' title='bbox 223 2232 280 2301; x_wconf 83' lang='lat' dir='ltr'>Sin</span> <span class='ocrx_word' id='word_1_111' title='bbox 302 2239 461 2321; x_wconf 86' lang='lat' dir='ltr'>neutrum,</span> <span class='ocrx_word' id='word_1_112' title='bbox 485 2241 594 2303; x_wconf 84' lang='lat' dir='ltr'>sexta.-</span> 
     </span>
    </p>
   </div>
   <div class='ocr_carea' id='block_1_6' title="bbox 537 2412 687 2480">
    <p class='ocr_par' dir='ltr' id='par_1_9' title="bbox 537 2412 687 2480">
     <span class='ocr_line' id='line_1_21' title="bbox 537 2412 687 2480; baseline 0.007 -2"><span class='ocrx_word' id='word_1_113' title='bbox 537 2412 687 2480; x_wconf 88' lang='lat' dir='ltr'>XLVIII.</span> 
     </span>
    </p>
   </div>
   <div class='ocr_carea' id='block_1_7' title="bbox 87 2533 1117 3046">
    <p class='ocr_par' dir='ltr' id='par_1_10' title="bbox 171 2533 1057 2621">
     <span class='ocr_line' id='line_1_22' title="bbox 171 2533 1057 2621; baseline 0 -21"><span class='ocrx_word' id='word_1_114' title='bbox 171 2533 321 2602; x_wconf 87' lang='lat' dir='ltr'>Inuenira</span> <span class='ocrx_word' id='word_1_115' title='bbox 343 2542 466 2603; x_wconf 84' lang='lat' dir='ltr'>rectam</span> <span class='ocrx_word' id='word_1_116' title='bbox 490 2559 530 2603; x_wconf 85' lang='lat' dir='ltr'>ex</span> <span class='ocrx_word' id='word_1_117' title='bbox 553 2538 678 2602; x_wconf 89' lang='lat' dir='ltr'>duobus</span> <span class='ocrx_word' id='word_1_118' title='bbox 701 2538 886 2603; x_wconf 89' lang='lat' dir='ltr'>nominibus</span> <span class='ocrx_word' id='word_1_119' title='bbox 910 2538 1057 2621; x_wconf 88' lang='lat' dir='ltr'>primam.</span> 
     </span>
    </p>

    <p class='ocr_par' dir='ltr' id='par_1_11' title="bbox 87 2640 1117 3046">
     <span class='ocr_line' id='line_1_23' title="bbox 171 2640 1117 2727; baseline -0.001 -20"><span class='ocrx_word' id='word_1_120' title='bbox 171 2640 385 2727; x_wconf 84' lang='lat' dir='ltr'>Exponantur</span> <span class='ocrx_word' id='word_1_121' title='bbox 418 2645 481 2709; x_wconf 88' lang='lat' dir='ltr'>duo</span> <span class='ocrx_word' id='word_1_122' title='bbox 508 2643 636 2708; x_wconf 91' lang='lat' dir='ltr'>numeri</span> <span class='ocrx_word' id='word_1_123' title='bbox 662 2644 741 2721; x_wconf 87' lang='grc' dir='ltr'>ΑΓ,</span> <span class='ocrx_word' id='word_1_124' title='bbox 764 2647 825 2709; x_wconf 89' lang='grc' dir='ltr'>ΓΒ</span> <span class='ocrx_word' id='word_1_125' title='bbox 854 2644 922 2708; x_wconf 89' lang='lat' dir='ltr'>eius</span> <span class='ocrx_word' id='word_1_126' title='bbox 949 2641 1051 2726; x_wconf 87' lang='lat' dir='ltr'>modi,</span> <span class='ocrx_word' id='word_1_127' title='bbox 1079 2646 1117 2708; x_wconf 93' lang='lat' dir='ltr'>ut</span> 
     </span>
     <span class='ocr_line' id='line_1_24' title="bbox 88 2730 1117 2833; baseline 0.005 -23"><span class='ocrx_word' id='word_1_128' title='bbox 88 2730 174 2810; x_wconf 69' lang='lat' dir='ltr'>AB</span> <span class='ocrx_word' id='word_1_129' title='bbox 189 2772 196 2814; x_wconf 93' lang='lat'><strong>:</strong></span> <span class='ocrx_word' id='word_1_130' title='bbox 211 2752 278 2815; x_wconf 87' lang='grc' dir='ltr'>ΒΓ</span> <span class='ocrx_word' id='word_1_131' title='bbox 296 2749 457 2814; x_wconf 90' lang='lat' dir='ltr'>rationem</span> <span class='ocrx_word' id='word_1_132' title='bbox 480 2748 614 2831; x_wconf 85' lang='lat' dir='ltr'>habeat,</span> <span class='ocrx_word' id='word_1_133' title='bbox 643 2771 740 2833; x_wconf 90' lang='lat' dir='ltr'>quam</span> <span class='ocrx_word' id='word_1_134' title='bbox 766 2770 918 2814; x_wconf 88' lang='lat' dir='ltr'>numerus</span> <span class='ocrx_word' id='word_1_135' title='bbox 941 2748 1117 2832; x_wconf 83' lang='lat' dir='ltr'>quadratus</span> 
     </span>
     <span class='ocr_line' id='line_1_25' title="bbox 87 2831 1117 2939; baseline 0.002 -20"><span class='ocrx_word' id='word_1_136' title='bbox 87 2831 138 2901; x_wconf 52' lang='lat' dir='ltr'>ad</span> <span class='ocrx_word' id='word_1_137' title='bbox 169 2875 338 2920; x_wconf 86' lang='lat' dir='ltr'>numerum</span> <span class='ocrx_word' id='word_1_138' title='bbox 363 2854 566 2939; x_wconf 87' lang='lat' dir='ltr'>quadratum,</span> <span class='ocrx_word' id='word_1_139' title='bbox 589 2859 654 2919; x_wconf 87' lang='lat' dir='ltr'>AB</span> <span class='ocrx_word' id='word_1_140' title='bbox 678 2859 786 2920; x_wconf 89' lang='lat' dir='ltr'>autem</span> <span class='ocrx_word' id='word_1_141' title='bbox 811 2855 851 2919; x_wconf 86' lang='lat' dir='ltr'>ad</span> <span class='ocrx_word' id='word_1_142' title='bbox 869 2857 934 2919; x_wconf 91' lang='grc' dir='ltr'>ΓΑ</span> <span class='ocrx_word' id='word_1_143' title='bbox 956 2857 1117 2921; x_wconf 87' lang='lat' dir='ltr'>rationem</span> 
     </span>
     <span class='ocr_line' id='line_1_26' title="bbox 87 2946 1117 3046; baseline 0.003 -22"><span class='ocrx_word' id='word_1_144' title='bbox 87 2946 175 3024; x_wconf 68' lang='lat' dir='ltr'>¹¹0n</span> <span class='ocrx_word' id='word_1_145' title='bbox 197 2962 333 3040; x_wconf 88' lang='lat' dir='ltr'>habeat,</span> <span class='ocrx_word' id='word_1_146' title='bbox 366 2982 463 3045; x_wconf 92' lang='lat' dir='ltr'>quam</span> <span class='ocrx_word' id='word_1_147' title='bbox 493 2983 646 3027; x_wconf 89' lang='lat' dir='ltr'>numerus</span> <span class='ocrx_word' id='word_1_148' title='bbox 674 2963 851 3046; x_wconf 89' lang='lat' dir='ltr'>quadratus</span> <span class='ocrx_word' id='word_1_149' title='bbox 880 2961 921 3026; x_wconf 87' lang='lat' dir='ltr'>ad</span> <span class='ocrx_word' id='word_1_150' title='bbox 947 2974 1117 3029; x_wconf 88' lang='lat' dir='ltr'>numerum</span> 
     </span>
    </p>
   </div>
   <div class='ocr_carea' id='block_1_8' title="bbox 86 3053 1116 3151">
    <p class='ocr_par' dir='ltr' id='par_1_12' title="bbox 86 3053 1116 3151">
     <span class='ocr_line' id='line_1_27' title="bbox 86 3053 1116 3151; baseline 0 -18"><span class='ocrx_word' id='word_1_151' title='bbox 86 3053 299 3133; x_wconf 63' lang='lat' dir='ltr'>quadrarum</span> <span class='ocrx_word' id='word_1_152' title='bbox 319 3070 423 3151; x_wconf 94' lang='lat' dir='ltr'>[prop.</span> <span class='ocrx_word' id='word_1_153' title='bbox 441 3066 585 3132; x_wconf 85' lang='lat' dir='ltr'>XXVIII</span> <span class='ocrx_word' id='word_1_154' title='bbox 604 3069 748 3149; x_wconf 90' lang='lat' dir='ltr'>lemma]‚</span> <span class='ocrx_word' id='word_1_155' title='bbox 768 3071 800 3132; x_wconf 88' lang='lat' dir='ltr'>et</span> <span class='ocrx_word' id='word_1_156' title='bbox 819 3072 1000 3151; x_wconf 87' lang='lat' dir='ltr'>exponatur</span> <span class='ocrx_word' id='word_1_157' title='bbox 1018 3069 1116 3133; x_wconf 89' lang='lat' dir='ltr'>ratio·</span> 
     </span>
    </p>
   </div>
   <div class='ocr_carea' id='block_1_9' title="bbox 82 3219 1119 3508">
    <p class='ocr_par' dir='ltr' id='par_1_13' title="bbox 82 3219 1119 3508">
     <span class='ocr_line' id='line_1_28' title="bbox 82 3219 1119 3314; baseline 0.001 -36"><span class='ocrx_word' id='word_1_158' title='bbox 82 3278 103 3314; x_wconf 79' lang='lat' dir='ltr'>t</span> <span class='ocrx_word' id='word_1_159' title='bbox 136 3223 166 3278; x_wconf 80' lang='lat'>8.</span> <span class='ocrx_word' id='word_1_160' title='bbox 184 3223 282 3310; x_wconf 64' lang='grc' dir='ltr'><strong><em>μήκει]</em></strong></span> <span class='ocrx_word' id='word_1_161' title='bbox 302 3239 357 3278; x_wconf 88' lang='lat' dir='ltr'>om.</span> <span class='ocrx_word' id='word_1_162' title='bbox 376 3222 409 3279; x_wconf 90' lang='lat' dir='ltr'>V.</span> <span class='ocrx_word' id='word_1_163' title='bbox 483 3231 506 3279; x_wconf 87' lang='grc'>9.</span> <span class='ocrx_word' id='word_1_164' title='bbox 528 3220 594 3294; x_wconf 72' lang='grc' dir='ltr'>ῥητῇ</span> <span class='ocrx_word' id='word_1_165' title='bbox 616 3220 699 3293; x_wconf 82' lang='grc' dir='ltr'><strong><em>μήκει</em></strong></span> <span class='ocrx_word' id='word_1_166' title='bbox 719 3224 751 3279; x_wconf 92' lang='lat' dir='ltr'>V.</span> <span class='ocrx_word' id='word_1_167' title='bbox 818 3219 906 3294; x_wconf 70' lang='grc' dir='ltr'>ἡῦλη</span> <span class='ocrx_word' id='word_1_168' title='bbox 926 3219 957 3279; x_wconf 75' lang='grc' dir='ltr'>ἐκ</span> <span class='ocrx_word' id='word_1_169' title='bbox 976 3225 1006 3279; x_wconf 80' lang='lat' dir='ltr'>F.</span> <span class='ocrx_word' id='word_1_170' title='bbox 1076 3231 1119 3279; x_wconf 85' lang='lat'>14.</span> 
     </span>
     <span class='ocr_line' id='line_1_29' title="bbox 106 3290 1118 3366; baseline 0.004 -20"><span class='ocrx_word' id='word_1_171' title='bbox 106 3290 157 3346; x_wconf 62' lang='lat' dir='ltr'>of,</span> <span class='ocrx_word' id='word_1_172' title='bbox 172 3290 321 3357; x_wconf 76' lang='grc' dir='ltr'><strong><em>ἐλασσονος</em></strong></span> <span class='ocrx_word' id='word_1_173' title='bbox 354 3313 390 3350; x_wconf 91' lang='lat' dir='ltr'>m.</span> <span class='ocrx_word' id='word_1_174' title='bbox 406 3301 422 3350; x_wconf 75' lang='grc'>2</span> <span class='ocrx_word' id='word_1_175' title='bbox 437 3295 467 3363; x_wconf 89' lang='grc' dir='ltr'>Ρ,</span> <span class='ocrx_word' id='word_1_176' title='bbox 486 3295 536 3349; x_wconf 81' lang='grc' dir='ltr'>τοῦ</span> <span class='ocrx_word' id='word_1_177' title='bbox 552 3292 699 3358; x_wconf 75' lang='grc' dir='ltr'><strong><em>ἐλάττονος</em></strong></span> <span class='ocrx_word' id='word_1_178' title='bbox 713 3296 746 3350; x_wconf 88' lang='lat' dir='ltr'>V.</span> <span class='ocrx_word' id='word_1_179' title='bbox 803 3300 844 3352; x_wconf 84' lang='lat'>15.</span> <span class='ocrx_word' id='word_1_180' title='bbox 865 3293 1022 3366; x_wconf 80' lang='grc' dir='ltr'><strong><em>συμμέτρου</em></strong></span> <span class='ocrx_word' id='word_1_181' title='bbox 1036 3295 1118 3361; x_wconf 74' lang='lat' dir='ltr'>Bab,</span> 
     </span>
     <span class='ocr_line' id='line_1_30' title="bbox 83 3346 1118 3438; baseline 0 -20"><span class='ocrx_word' id='word_1_182' title='bbox 83 3346 175 3420; x_wconf 51' lang='lat' dir='ltr'>“orn</span> <span class='ocrx_word' id='word_1_183' title='bbox 190 3381 227 3423; x_wconf 87' lang='lat' dir='ltr'>nr.</span> <span class='ocrx_word' id='word_1_184' title='bbox 241 3371 267 3420; x_wconf 77' lang='lat'>2.</span> <span class='ocrx_word' id='word_1_185' title='bbox 324 3367 424 3438; x_wconf 76' lang='grc' dir='ltr'><strong><em>εαντῇ]</em></strong></span> <span class='ocrx_word' id='word_1_186' title='bbox 444 3381 592 3435; x_wconf 82' lang='lat' dir='ltr'>suprascr.</span> <span class='ocrx_word' id='word_1_187' title='bbox 608 3365 671 3420; x_wconf 83' lang='lat' dir='ltr'>ob.</span> <span class='ocrx_word' id='word_1_188' title='bbox 728 3373 769 3421; x_wconf 86' lang='grc'>16.</span> <span class='ocrx_word' id='word_1_189' title='bbox 789 3362 893 3437; x_wconf 79' lang='grc' dir='ltr'><strong><em>ὄνομα]</em></strong></span> <span class='ocrx_word' id='word_1_190' title='bbox 913 3383 966 3421; x_wconf 89' lang='lat' dir='ltr'>om.</span> <span class='ocrx_word' id='word_1_191' title='bbox 986 3365 1019 3420; x_wconf 87' lang='lat' dir='ltr'>V.</span> <span class='ocrx_word' id='word_1_192' title='bbox 1076 3371 1118 3420; x_wconf 79' lang='grc'>19.</span> 
     </span>
     <span class='ocr_line' id='line_1_31' title="bbox 89 3405 1119 3508; baseline 0.003 -22"><span class='ocrx_word' id='word_1_193' title='bbox 89 3405 174 3503; x_wconf 54' lang='lat' dir='ltr'>Raq.</span> <span class='ocrx_word' id='word_1_194' title='bbox 195 3437 290 3504; x_wconf 83' lang='lat' dir='ltr'>schol,</span> <span class='ocrx_word' id='word_1_195' title='bbox 308 3455 336 3491; x_wconf 90' lang='lat' dir='ltr'>u.</span> <span class='ocrx_word' id='word_1_196' title='bbox 356 3454 420 3506; x_wconf 88' lang='lat' dir='ltr'>app.</span> <span class='ocrx_word' id='word_1_197' title='bbox 493 3442 536 3490; x_wconf 78' lang='lat'>20.</span> <span class='ocrx_word' id='word_1_198' title='bbox 556 3433 609 3506; x_wconf 55' lang='lat' dir='ltr'>‘ab&#39;</span> <span class='ocrx_word' id='word_1_199' title='bbox 629 3436 660 3491; x_wconf 85' lang='lat' dir='ltr'>F.</span> <span class='ocrx_word' id='word_1_200' title='bbox 733 3443 776 3492; x_wconf 79' lang='lat'>23.</span> <span class='ocrx_word' id='word_1_201' title='bbox 795 3435 857 3508; x_wconf 74' lang='grc' dir='ltr'>τόν]</span> <span class='ocrx_word' id='word_1_202' title='bbox 877 3436 975 3505; x_wconf 84' lang='lat' dir='ltr'>(prius)</span> <span class='ocrx_word' id='word_1_203' title='bbox 997 3451 1065 3490; x_wconf 87' lang='lat' dir='ltr'>corr.</span> <span class='ocrx_word' id='word_1_204' title='bbox 1084 3450 1119 3490; x_wconf 86' lang='lat' dir='ltr'>ex</span> 
     </span>
    </p>
   </div>
   <div class='ocr_carea' id='block_1_10' title="bbox 84 3494 535 3579">
    <p class='ocr_par' dir='ltr' id='par_1_14' title="bbox 84 3494 535 3579">
     <span class='ocr_line' id='line_1_32' title="bbox 84 3494 535 3579; baseline 0.009 -19"><span class='ocrx_word' id='word_1_205' title='bbox 84 3494 161 3560; x_wconf 60' lang='lat' dir='ltr'>‘aba</span> <span class='ocrx_word' id='word_1_206' title='bbox 179 3504 213 3561; x_wconf 85' lang='lat' dir='ltr'>v.</span> <span class='ocrx_word' id='word_1_207' title='bbox 284 3512 326 3562; x_wconf 80' lang='lat' dir='ltr'>aa</span> <span class='ocrx_word' id='word_1_208' title='bbox 345 3510 411 3579; x_wconf 74' lang='grc' dir='ltr'>ΓΑ]</span> <span class='ocrx_word' id='word_1_209' title='bbox 427 3524 480 3564; x_wconf 76' lang='lat' dir='ltr'>ras.</span> <span class='ocrx_word' id='word_1_210' title='bbox 503 3506 535 3564; x_wconf 82' lang='lat' dir='ltr'>V.</span> 
     </span>
    </p>
   </div>
   <div class='ocr_carea' id='block_1_11' title="bbox 0 0 1200 3832">
    <p class='ocr_par' dir='ltr' id='par_1_15' title="bbox 0 0 1200 3832">
     <span class='ocr_line' id='line_1_33' title="bbox 0 0 1200 3832; baseline 0 0"><span class='ocrx_word' id='word_1_211' title='bbox 0 0 1200 3832; x_wconf 95' lang='lat' dir='ltr'> </span> 
     </span>
    </p>
   </div>
  </div>
 </body>
</html>
