2378 3832
106 159 151 225 20
491 159 694 213 mmmm
712 154 740 213 ι’.

106 298 168 388 τὴν
188 300 330 386 μονάδα.
365 300 468 368 πάλιν
492 304 574 386 ἐπεί,
599 298 676 369 ὅσαι
694 300 780 368 εἰσὶν
800 301 836 367 ἐν
855 302 900 392 τῷ
921 307 953 367 E
970 298 1128 387 μονάδες,

105 405 253 475 τοσαῦτά
281 410 347 474 εἰσι
374 406 431 473 καὶ
460 408 496 475 ἐν
523 416 569 498 τῷ
599 413 627 472 Ζ
655 413 710 474 ἴσα
733 416 779 497 τῷ
803 411 846 492 Γ,
880 409 969 473 ἔστιν
993 403 1059 491 ἄρα
1083 403 1130 485 ὡς

106 509 144 580 τὸ
164 518 197 579 Γ
210 510 294 599 πρὸς
316 509 354 580 τὸ
374 519 413 599 Ζ,
433 510 539 592 οὕτως
557 509 578 598 ἡ
594 511 699 599 μονὰς
717 509 801 599 πρὸς
819 509 879 579 τὸν
893 517 926 576 Ε
939 507 1129 599 [ἆριθμόν].

108 620 244 705 ἐδείχθη
269 617 306 685 δὲ
329 617 385 686 καὶ
408 615 453 698 ὡς
475 616 513 685 τὸ
538 627 570 684 A
593 616 678 703 πρὸς
699 615 738 686 τὸ
762 623 800 703 Γ,
825 615 932 695 οὕτως
954 613 972 684 ὁ
993 625 1026 683 A
1044 615 1130 705 πρὸς

72 721 169 810 ὀτὴν
188 722 334 811 μονάδα·
372 721 417 790 δι’
440 731 517 790 ἴσον
536 720 602 810 ἄρα
622 723 713 791 ἐστὶν
736 719 781 802 ὡς
803 721 841 790 τὸ
865 731 898 790 A
920 721 1003 809 πρὸς
1025 721 1063 790 τὸ
1089 730 1161 809 Ζ,.·

110 826 216 909 οὕτως
244 827 262 898 ὁ
286 838 320 896 A
348 827 431 915 πρὸς
457 826 519 896 τὸν
543 835 580 895 Ε.
633 826 702 895 ἀλλ’
729 825 774 907 ὡς
797 825 816 895 ὁ
840 836 874 894 A
896 823 980 916 πρὸς
1001 827 1062 896 τὸν
1087 837 1129 915 Ε,

112 935 220 1015 οὕτως
243 936 312 1002 ἐστὶ
334 931 372 1001 τὸ
398 943 429 1000 A
451 933 535 1018 πρὸς
556 936 595 1002 τὸ
619 941 661 1001 Β·
693 934 749 1001 καὶ
773 933 818 1013 ὡς
840 932 906 1021 ἄρα
928 933 965 1002 τὸ
989 944 1022 1000 Α
1044 934 1131 1020 πρὸς

108 1040 146 1108 τὸ
167 1049 207 1127 Β,
232 1039 339 1119 οὕτως
356 1039 413 1106 καὶ
434 1037 518 1128 πρὸς
540 1038 578 1108 τὸ
599 1047 635 1107 Ζ.
675 1039 713 1108 τὸ
732 1049 765 1107 A
783 1039 849 1126 ἄρα
867 1038 950 1129 πρὸς
969 1040 1129 1123 ἑκάτερον

108 1150 178 1213 τῶν
201 1153 240 1231 Β,
261 1153 288 1212 Ζ
311 1145 372 1214 τὸν
396 1144 500 1214 αὐτὸν
524 1151 590 1233 ἔχει
613 1145 729 1232 λόγον·
757 1155 833 1214 ἴσον
857 1144 922 1233 ἄρα
946 1147 1014 1213 ἐστὶ
1036 1145 1073 1214 τὸ
1099 1155 1128 1214 Β

57 1277 90 1325 10
108 1254 153 1341 ’τῷ
179 1259 216 1319 Ζ.
265 1264 378 1338 μετρεῖ
403 1251 441 1319 δὲ
463 1251 500 1319 τὸ
527 1258 559 1319 Γ
576 1250 614 1321 τὸ
639 1259 679 1318 Ζ·
720 1265 834 1341 μετρεῖ
854 1251 921 1341 ἄρα
943 1253 997 1319 καὶ
1026 1250 1063 1320 τὸ
1089 1261 1129 1322 B.

108 1354 192 1424 ἀλλὰ
217 1359 283 1443 μὴν
306 1357 422 1425 καὶτὸ
445 1366 491 1425 A·
513 1355 552 1425 τὸ
575 1364 607 1426 Γ
626 1356 692 1447 ἄρα
715 1357 755 1426 τὰ
778 1369 821 1445 Α,
841 1367 870 1426 Β
893 1371 1012 1445 μετρεῖ.
1043 1356 1129 1444 σύμ-

109 1489 231 1552 μετρον
254 1461 320 1549 ἄρα
344 1464 413 1531 ἐστὶ
431 1461 469 1531 τὸ
493 1473 526 1530 Α
548 1467 593 1556 τῷ
620 1470 656 1532 Β.

175 1567 256 1636 Ἐὰν
279 1566 344 1657 ἄρα
368 1567 431 1637 δύο
455 1571 581 1657 μεγέθη
604 1566 689 1658 πρὸς
712 1567 849 1656 ἄλληλα,
872 1571 928 1638 καὶ
951 1569 990 1638 τὰ
1016 1570 1098 1655 ἑξῆς.

524 1780 718 1870 Πόρισμα.

58 1928 92 1977 15
120 1977 122 1980 ,
176 1901 232 1970 Ἐκ
256 1902 297 1990 δὴ
317 1904 440 1972 τούτου
459 1903 621 1990 φανερόν,
646 1901 707 1988 ὅτι,
731 1902 791 1970 ἐὰν
810 1895 873 1970 ὦσι
892 1901 955 1968 δύο
975 1898 1129 1990 ἀριθμοί,

110 2006 155 2087 ὡς
175 2012 210 2075 οἱ
227 2016 270 2094 A,
291 2016 330 2095 E,
354 2009 409 2075 καὶ
429 2008 557 2095 εὐθεῖα,
577 2005 621 2087 ὡς
638 2006 659 2093 ἡ
679 2016 721 2093 Α,
742 2005 889 2074 δύνατόν
908 2008 976 2072 ἐστι
990 2009 1130 2091 ποιῆσαι

111 2112 155 2192 ὡς
182 2111 200 2180 ὁ
229 2121 263 2179 A
290 2110 436 2202 ἀριθμὸς
463 2112 549 2199 πρὸς
575 2115 636 2180 τὸν
668 2118 700 2178 E
729 2108 894 2199 ἀριθμόν,
928 2109 1033 2192 οὕτως
1064 2111 1129 2199 τὴν

111 2217 249 2286 εὐθεῖαν
281 2217 365 2307 πρὸς
396 2215 547 2286 εὐθεῖαν.
593 2216 653 2284 ἐὰν
681 2216 719 2284 δὲ
746 2216 802 2282 καὶ
828 2220 896 2284 τῶν
919 2225 1013 2303 Α,Ζ
1044 2219 1128 2306 μέση

111 2322 281 2410 ἀνάλογον
306 2328 440 2412 ληφθῇ,
465 2320 511 2403 ὡς
532 2320 554 2409 ἡ
577 2330 617 2407 Β,
641 2325 732 2389 ἔσται
753 2319 799 2401 ὡς
817 2319 838 2408 ἡ
856 2332 889 2389 A
907 2320 990 2410 πρὸς
1007 2322 1068 2411 τὴν
1088 2332 1128 2411 Ζ,

58 2455 92 2506 20
112 2427 218 2509 οὕτως
239 2428 277 2498 τὸ
301 2426 366 2497 ἀπὸ
390 2440 449 2517 τῆς
473 2439 504 2496 A
526 2427 610 2516 πρὸς
631 2425 669 2496 τὸ
704 2425 769 2496 ἀπὸ
797 2432 856 2514 τῆς
883 2437 925 2515 Β,
957 2431 1128 2498 τουτέστιν

112 2535 157 2616 ὡς
170 2534 191 2622 ἡ
206 2534 319 2625 πρώτη
336 2533 420 2624 πρὸς
437 2534 499 2622 την
519 2540 646 2621 τρίτην,
666 2534 772 2614 ὀὕτως
785 2533 823 2602 τὸ
838 2531 905 2603 ἀπὸ
918 2540 977 2621 τῆς
994 2534 1128 2624 πρώτης

110 2640 193 2729 πρὸς
215 2639 253 2710 τὸ
278 2638 342 2708 ἀπὸ
366 2651 425 2729 τῆς
448 2641 605 2730 δευτέρας
626 2639 664 2708 τὸ
689 2638 808 2728 ὅμοιον
827 2641 884 2708 καὶ
903 2638 1028 2727 ὁμοίως
1048 2640 1128 2708 ἄνα-

112 2749 337 2837 γραφόμενον.
383 2745 451 2814 ἀλλ’
478 2744 523 2828 ὡς
544 2745 565 2833 ἡ
589 2757 621 2815 A
644 2745 727 2835 πρὸς
749 2745 812 2832 τὴν
835 2754 878 2834 Ζ,
908 2745 1015 2827 οὕτως
1038 2748 1129 2814 ἐστὶν

113 2850 131 2921 ὁ
152 2861 186 2920 A
209 2850 356 2940 ἄριθμος
377 2851 462 2940 πρὸς
483 2851 544 2922 τὸν
568 2861 600 2921 Ε
621 2851 784 2940 ἄρνδμόν·
821 2853 960 2939 γέγονεν
984 2853 1049 2940 ἄρα
1072 2853 1129 2919 καὶ

59 2983 94 3034 25
112 2957 159 3039 ὡς
182 2956 199 3027 ὁ
224 2968 258 3026 A
281 2956 426 3046 ἄρνθμδς
448 2957 531 3048 πρὸς
553 2957 614 3027 τὸν
633 2967 665 3027 E
685 2955 846 3047 ἄρνδμόν,
871 2956 976 3038 οὕτως
999 2956 1036 3026 τὸ
1061 2955 1128 3026 ἀπὸ

189 3213 213 3263 1.
241 3205 325 3278 εἰσιν]
350 3176 403 3262 αα
421 3208 474 3262 κα
489 3207 523 3263 v.
597 3215 621 3262 ν.
647 3208 783 3262 τοσαῦτα.
800 3207 836 3276 P,
860 3208 889 3262 et
905 3206 972 3276 εν,
990 3205 1040 3260 sed
1059 3221 1129 3261 corr.

151 3276 224 3334 εἰσιν
242 3278 272 3334 Ρ.
327 3276 478 3364 Ζμεηέθη
497 3280 527 3333 F.
582 3279 642 3333 ἴσαι
657 3278 706 3365 Β,
727 3278 776 3332 sed
799 3294 890 3362 ορατ.Ι
940 3283 966 3330 3.
989 3272 1116 3363 ἀριθμόν

116 3367 170 3406 om.
186 3349 234 3406 P..
262 3354 287 3404 4.
303 3349 348 3421 το]
363 3350 435 3418 (alt.)
450 3346 501 3405 τόν
514 3349 542 3405 b.
595 3355 619 3404 5.
633 3350 677 3419 το]
695 3369 709 3403 ο
726 3349 757 3404 Β.
798 3349 842 3418 το]
859 3346 974 3403 vova.
1016 3352 1040 3402 6.
1056 3350 1107 3401 αλλ

114 3421 168 3476 καί
182 3420 216 3476 V.
271 3415 299 3492 ὁ]
330 3421 429 3490 postea
446 3420 498 3476 ins.
519 3438 555 3475 m.
577 3426 591 3474 1
611 3419 640 3475 F.
709 3425 733 3475 7.
759 3414 833 3560 gatii
853 3435 906 3473 om.
925 3418 958 3474 V.
1018 3422 1042 3472 8.
1062 3419 1115 3472 καί

109 3487 232 3545 AM.
293 3497 317 3547 9.
336 3488 440 3562 λόνμον
458 3492 488 3561 Ρ,
508 3491 558 3548 sed
572 3507 641 3547 corr.
671 3495 739 3545 ²11.
759 3487 814 3559 μήν
846 3493 945 3559 μετρεῖ
954 3489 985 3543 Ρ.
1040 3485 1114 3543 τὸΓ
