2378 3832
106 168 171 234 3ἶὸ
522 169 711 222 APPENDIX.

106 324 228 400 μετρεῖ·
252 310 292 379 τά
311 323 354 398 Α,
373 318 402 378 Β
425 307 492 397 ἄρα
510 308 680 397 σύμμετρά
698 311 800 393 ἐστιν,
822 312 882 374 καί
899 308 996 374 ἐστιν
1014 303 1132 373 αὐτῶν

105 416 223 485 κοινὸν
246 418 368 506 μέτρον
390 416 428 486 τὸ
452 423 494 483 Ε·
522 414 604 503 ὅπερ
628 419 697 482 ἔδει
720 415 834 494 δεῖξαι.

432 702 482 767 Ad
506 702 579 767 libr.
603 700 634 765 X
656 723 747 786 prop.
770 700 800 764 9.

470 804 617 885 ’Ἀλλως
640 803 682 873 τὸ
705 803 755 872 θ’.

171 911 259 981 Ἐπεὶ
283 911 347 999 γάρ
371 911 558 998 σύμμετρός
581 914 671 980 ἐστιν
695 908 715 998 ἡ
739 920 771 978 A
793 913 833 997 τῇ
853 917 893 990 Β,
917 907 1025 996 λόγον
1051 915 1129 995 ἔχει,

70 1016 147 1092 σάν
170 1016 315 1106 ἀριθμὸς
337 1017 420 1103 πρὸς
443 1018 601 1104 ἀριθμόν.
647 1018 760 1104 ἐχέτω,
789 1013 831 1084 ὃν
854 1012 873 1083 ὁ
896 1021 929 1082 Γ
958 1020 1047 1105 πρὸς
1070 1020 1130 1088 τὸν

106 1135 149 1206 A,
166 1126 223 1193 καὶ
243 1122 260 1193 ὁ
276 1131 308 1193 Γ
322 1122 442 1193 ἑαυτὸν
462 1125 523 1209 μέν
542 1123 834 1202 πολλαπλασιάσας
851 1122 912 1192 τὸν
925 1130 960 1190 Ε
975 1132 1128 1210 ποιείτω,

108 1231 127 1300 ὁ
152 1232 189 1300 δέ
212 1239 244 1301 Γ
267 1230 327 1300 τὸν
351 1241 384 1298 A
410 1231 703 1309 πολλαπλασιάσας
725 1229 784 1298 τὸν
808 1236 836 1295 Ζ
863 1237 1014 1318 ποιείτω,
1045 1231 1064 1300 ὁ
1090 1233 1128 1300 δὲ

108 1347 141 1404 A
169 1337 289 1406 ἑαυτὸν
317 1336 608 1415 πολλαπλασιάσας
629 1334 690 1405 τὸν
713 1342 753 1402 Η
770 1342 914 1404 ποιείτω.
964 1338 1036 1406 ἐπεὶ
1062 1331 1128 1407 οὖν

107 1440 125 1513 ὁ
150 1450 181 1512 Γ
210 1443 330 1511 έαντόν
363 1442 424 1529 μὲν
457 1445 748 1521 πολλαπλασιάσας
780 1441 840 1511 τὸν
868 1449 901 1509 Ε
930 1449 1126 1531 πεποίηκεν,

57 1571 91 1620 10
108 1549 169 1618 τὸν
189 1550 226 1617 δέ
241 1560 274 1617 A
292 1548 585 1629 πολλαπλασιάσας
603 1549 663 1618 τὸν
682 1556 710 1615 Ζ
733 1553 922 1635 πεποίηκεν,
947 1555 1042 1618 ἔστιν
1060 1551 1126 1637 ἄρα

108 1654 152 1736 άς
176 1654 193 1725 ὁ
222 1655 351 1744 Γπρὸς
374 1655 433 1725 τὸν
457 1665 503 1739 A,
527 1658 698 1724 τουτέστιν
722 1653 768 1735 ὡς
790 1655 810 1740 ἡ
836 1666 867 1724 A
889 1655 974 1743 πρὸς
996 1655 1062 1740 τὴν
1086 1665 1126 1736 Β,

110 1761 244 1847 [οὕτως]
270 1761 287 1829 ὁ
311 1771 342 1829 Ε
363 1761 446 1850 πρὸς
467 1762 527 1831 τὸν
547 1769 584 1830 Ζ.
620 1759 694 1831 ἄλλ’
721 1761 766 1842 ὡς
788 1760 809 1848 ἡ
834 1772 865 1829 Α
888 1761 970 1849 πρὸς
994 1761 1060 1848 τὴν
1085 1770 1124 1843 Β,

108 1866 213 1947 οὕτως
235 1868 272 1936 τὸ
296 1865 361 1936 άπὸ
385 1878 443 1954 τῆς
466 1878 498 1935 A
521 1867 604 1955 πρὸς
627 1866 664 1935 τὸ
693 1865 758 1934 ὑπὸ
787 1872 857 1936 τῶν
880 1878 925 1952 A,
951 1876 992 1936 B·
1033 1874 1125 1937 ἔστιν

107 1973 172 2062 ἄρα
197 1973 240 2054 ὥς
263 1973 300 2042 τὸ
325 1973 390 2042 άπὸ
409 1978 468 2060 τῆς
491 1984 523 2041 A
546 1973 629 2059 πρὸς
651 1973 689 2042 τὸ
714 1971 780 2041 ὑπὸ
802 1977 869 2040 τῶν
894 1983 935 2059 A,
950 1981 991 2061 Β,
1018 1975 1126 2054 οὕτως

57 2078 127 2150 1τὸ
159 2089 188 2148 Ε
213 2080 296 2167 πρὸς
322 2079 384 2149 τὸν
413 2087 448 2149 Ζ.
496 2080 612 2162 πάλιν,
643 2081 712 2147 ἐπεὶ
741 2078 759 2146 ὁ
789 2088 822 2145 A
849 2079 970 2147 ἑαυτὸν
999 2088 1125 2149 πολλα-

107 2186 291 2265 πλασιάσας
317 2185 377 2254 τὸν
401 2193 441 2253 Η
463 2193 657 2272 πεποίηκεν,
690 2184 708 2254 ὁ
738 2185 775 2253 δὲ
804 2192 835 2254 Γ
857 2185 916 2255 τὸν
941 2194 974 2253 A
1002 2195 1124 2256 πολλα-

109 2293 292 2371 πλασιάσας
314 2291 374 2359 τὸν
399 2299 426 2359 Ζ
448 2299 642 2378 πεποίηκεν,
673 2297 763 2360 ἔστιν
787 2290 851 2378 άοα
875 2290 920 2371 ὡς
944 2290 961 2359 ὁ
988 2299 1022 2359 Γ
1039 2293 1125 2379 πρὸς

108 2397 168 2467 τὸν
193 2407 237 2484 A,
269 2398 439 2465 τουτέστιν
468 2397 512 2479 ὡς
539 2397 560 2484 ἡ
585 2409 616 2466 A
646 2396 728 2484 πρὸς
755 2397 817 2484 τὴν
842 2405 885 2484 Β,
919 2396 1029 2478 οὕτως
1052 2398 1072 2467 ὸ
1099 2406 1125 2466 Ζ

107 2505 191 2587 πρὸς
217 2503 278 2572 τὸν
306 2511 348 2573 Η.
394 2501 467 2573 ἄλλ’
493 2502 538 2583 ὡς
565 2501 585 2590 ἡ
611 2515 643 2572 A
670 2504 751 2591 πρὸς
778 2501 840 2590 τὴν
869 2510 912 2589 Β,
945 2501 1056 2584 οὕτως
1085 2505 1122 2573 τὸ

54 2631 89 2680 20
107 2609 173 2680 ὑπὸ
200 2616 268 2681 τῶν
292 2619 334 2694 A,
358 2619 386 2678 Β
409 2610 492 2696 πρὸς
514 2611 552 2679 τὸ
576 2608 641 2678 άπὸ
665 2613 724 2696 τῆς
746 2618 788 2678 Β·
816 2615 906 2677 ἔστιν
929 2608 996 2697 ἄρα
1020 2610 1067 2692 ὡς
1086 2611 1124 2681 τά

106 2716 171 2785 ὑπὸ
195 2724 263 2788 τῶν
287 2714 328 2802 A,
352 2727 380 2786 Β
408 2717 492 2804 πρὸς
514 2719 551 2785 τὸ
571 2715 636 2785 άπὸ
660 2721 718 2803 τῆς
741 2724 785 2799 Β,
815 2715 921 2795 οὕτως
944 2714 962 2784 ὁ
988 2723 1016 2782 Ζ
1038 2719 1125 2805 πρὸς

107 2822 168 2892 τὸν
183 2829 225 2891 Η.
263 2823 335 2892 ἀλλ’
354 2823 398 2904 ὡς
416 2824 453 2891 τὸ
474 2821 538 2891 άπὸ
559 2828 617 2909 τῆς
637 2820 769 2910 Αῗπρὸς
791 2822 828 2892 τὸ
848 2820 915 2891 ὑπὸ
935 2835 1004 2892 τῶν
1023 2834 1068 2909 Α,
1084 2833 1123 2910 Β,

109 2926 214 3008 οὕτως
237 2922 280 3015 ἦν
304 2927 322 2997 ὁ
346 2938 377 2996 Ε
398 2930 482 3017 πρὸς
504 2930 565 2998 τὸν
589 2937 629 2996 Ζ·
667 2926 712 2998 δι’
735 2938 812 2998 λ’σον
835 2928 901 3017 άρα
925 2927 970 3010 ὡς
992 2932 1030 2999 τὸ
1055 2929 1121 3000 άπὸ

108 3043 164 3119 τῆς
188 3044 219 3101 A
246 3033 329 3120 πρὸς
351 3033 389 3103 τὸ
414 3033 479 3104 άπὸ
504 3048 563 3123 τῆς
586 3044 630 3121 Β,
660 3033 766 3115 οὕτως
789 3033 808 3104 ὁ
832 3043 864 3102 Ε
889 3035 971 3124 πρὸς
994 3038 1056 3106 τὸν
1079 3045 1122 3106 Η.

55 3159 89 3209 26
109 3144 177 3208 ἔστι
197 3141 234 3208 δὲ
258 3139 409 3227 ἑκάτερος
432 3145 499 3209 τῶν
520 3150 558 3227 Ε,
579 3150 618 3210 H
636 3140 855 3229 τετράγωνος·
880 3140 897 3209 ὁ
921 3143 985 3230 μὲν
1008 3143 1074 3230 γάρ
1094 3153 1124 3212 Ε

179 3262 288 3356 &Po-st
307 3295 432 3369 ιριομιι
450 3319 477 3369 p.
498 3306 541 3369 οι,
561 3307 576 3356 3
596 3300 708 3371 Βννο,
728 3320 783 3371 mg.
805 3321 840 3356 m.
861 3307 875 3355 1
896 3302 926 3355 P.

170 3406 310 3524 1.-έστιν]
327 3442 430 3519 (prius)
448 3438 507 3499 ἐστι
517 3443 587 3512 13¹1,
604 3443 764 3512 emh.
813 3450 844 3495 ἢ..
857 3439 931 3508 “1¹qu
942 3439 1001 3525 ἔδει
1013 3443 1138 3576 δεχῖξαιΚ

85 3539 183 3599 comp.
203 3526 265 3599 ΓΡ,
285 3542 345 3584 om.
365 3517 459 3577 BVb.
523 3523 551 3575 Β.
570 3511 604 3571 τὸ
623 3513 679 3584 &X
693 3510 801 3568 (ΜΒ.
858 3515 889 3561 ἲ).
903 3514 929 3560 ἲ
946 3529 1018 3574 me,
1030 3529 1081 3560 wo
1100 3520 1120 3562 Δ
