2378 3832
114 172 177 237 126
499 173 700 226 ΣΤΟΙΧΕΒΩΝ
718 169 744 226 ι’.

111 315 173 400 τήν
196 320 265 382 ΑΓ
287 318 327 403 τῇ
356 321 423 381 ΔΒ
451 313 496 400 μή
525 311 613 382 εἶναι
640 312 702 400 τήν
730 312 851 399 αὐτήν,
882 310 967 380 ἀλλὰ
994 319 1129 399 μείζονα

112 418 187 488 καθ’
213 419 380 488 ὑπόθεσιν
407 418 469 507 τήν
493 426 572 488 ΛΓ·
610 414 715 506 δήλου
745 419 806 506 δή,
835 417 886 487 ὅτι
914 419 971 487 καί
997 418 1038 487 τὰ
1063 418 1130 488 ἀπὸ

112 530 180 594 τῶν
194 533 275 611 ΑΔ,
292 533 370 611 ΔΒ,
391 523 436 606 ὡς
455 526 567 594 ἐπάνω
587 528 767 612 ἐδείξαμεν,
792 523 958 594 ἐλάσσονα
975 537 1045 595 τῶν
1064 524 1128 594 οἱπδ

112 635 180 700 τῶν
203 638 279 719 ΑΓ,
303 639 377 701 ΓΒ·
400 632 457 700 καί
479 630 537 712 τὰς
559 640 640 718 ΑΔ,
661 640 727 700 ΔΒ
749 632 852 718 μέσας
875 629 961 699 εἶναι
985 631 1127 719 δυνάμει

77 737 219 824 εμόνον
242 741 450 825 συμμέτρους
477 741 581 825 μέσον
609 738 834 827 περιεχούσας.
879 739 935 805 καί
964 740 1128 807 ἐκκείσθω

111 844 194 931 ῥητὴ
219 842 239 929 ί,
263 851 336 930 ΕΖ,
358 844 415 911 καί
437 855 483 935 τῷ
507 844 568 930 μὲν
591 841 657 912 ἀπὸ
681 848 739 931 τῆς
761 851 827 912 ΑΒ
851 852 928 912 ἴσον
952 844 1044 931 παρὰ
1068 843 1125 932 τήν

112 959 174 1019 ΕΖ
192 950 540 1037 παραλληλόγραμμον
564 949 778 1037 ὀρθογώνιον
797 949 1070 1039 παραβεβλήσθω
1088 947 1126 1019 τὸ

112 1064 194 1142 ΕΚ,
222 1071 292 1136 τοῖς
320 1056 358 1124 δὲ
385 1055 449 1124 αἰπὸ
479 1067 548 1125 τῶν
570 1064 650 1140 ΑΓ,
678 1064 739 1126 ΓΒ
768 1039 843 1125 ἴσον
872 1055 1064 1145 ἀφῃρήσθω
1089 1056 1128 1126 τὸ

112 1170 192 1231 ΕΗ·
225 1161 344 1231 λοιπὸν
373 1161 439 1251 ἄρα
465 1161 503 1231 τὸ
527 1170 595 1231 ΘΚ
617 1171 693 1231 ίσον
720 1163 789 1231 ἐστὶ
815 1167 862 1253 τῷ
890 1163 943 1243 δὶς
969 1160 1037 1231 ὑπὸ
1059 1168 1129 1232 τῶν

60 1295 93 1343 10
115 1276 191 1354 ΑΓ,
215 1276 285 1338 ΓΒ.
331 1269 432 1338 πάλιν
461 1269 503 1356 δή
531 1283 600 1350 τοῖς
628 1268 694 1337 ιἰπὸ
720 1274 789 1338 τῶν
816 1276 903 1355 ΑΔ,
931 1276 1014 1354 ΔΒ,
1043 1268 1131 1359 ἅπερ

111 1374 277 1444 ἐλάσσονα
305 1377 441 1462 ἐδείχθη
470 1380 539 1444 τῶν
564 1375 629 1443 ἀπὸ
653 1380 721 1444 τῶν
744 1380 821 1463 ΑΓ,
843 1367 918 1461 ΓΒ,
943 1385 1019 1444 ίσον
1042 1375 1129 1465 ιἰφη-

111 1480 228 1568 ρήσθω
251 1480 290 1550 τὸ
315 1489 394 1550 ΕΛ·
426 1483 482 1549 καὶ
505 1485 624 1551 λοιπὸν
653 1481 718 1568 ἄρα
743 1483 781 1550 τὸ
809 1488 884 1550 ΜΚ
907 1491 982 1550 ίσον
1004 1493 1051 1572 τῷ
1076 1485 1132 1562 δίς

110 1585 176 1656 ὑπὸ
203 1593 272 1657 τῶν
294 1596 380 1675 ΑΛ,
405 1596 481 1656 ΔΒ.
522 1589 579 1656 καὶ
606 1589 676 1656 ἐπεὶ
704 1590 787 1675 μέσα
813 1588 882 1656 ἐστί
906 1586 946 1655 τὰ
970 1586 1036 1656 ἀπὸ
1057 1593 1130 1658 τῶν

110 1700 185 1781 ΑΓ,
209 1701 285 1781 ΓΒ,
314 1696 418 1781 μέσον
442 1693 508 1783 ίίρα
532 1696 614 1780 [καὶ]
638 1693 676 1763 τὸ
700 1703 777 1763 ΕΗ.
817 1696 873 1764 καί
903 1692 993 1781 παρὰ
1021 1697 1133 1782 ῥητήν

59 1825 91 1874 15
110 1798 172 1886 τήν
187 1807 249 1868 ΕΖ
263 1800 470 1890 παράκειται·
503 1800 585 1888 ῥητή
610 1800 676 1891 ἄρα
700 1802 790 1869 ἐστίν
812 1800 833 1887 ἡ
856 1808 921 1869 ΕΘ
943 1801 999 1868 καί
1022 1799 1130 1888 ἀσύμ-

110 1932 227 1994 μετρος
244 1909 285 1994 τῇ
305 1915 366 1975 ΕΖ
385 1905 490 1993 μήκει.
528 1904 584 1974 διὰ
607 1906 647 1974 τδι
672 1904 755 1974 αὐτὰ
779 1906 820 1993 δὴ
840 1908 897 1974 καί
916 1904 936 1992 ἡ
956 1913 1029 1974 ΘΝ
1041 1906 1129 1995 ῥητή

111 2009 180 2080 ἐστι
207 2012 263 2079 καὶ
292 2010 501 2099 ἀσύμμετρος
527 2017 567 2102 ιη’
592 2021 655 2080 ΕΖ
678 2013 782 2099 μήκει.
823 2013 879 2080 καί
903 2012 973 2081 ἐπεὶ
996 2016 1034 2080 αί
1055 2020 1129 2100 ΛΓ,

110 2123 171 2184 ΓΒ
195 2119 292 2204 μέσαι
315 2119 376 2186 είσὶ
403 2118 544 2204 δυνάμει
568 2119 674 2205 μόνον
698 2119 890 2206 σύμμετροι,
916 2116 1130 2206 ἀσύμμετρος

110 2222 175 2309 ἄρα
204 2224 294 2291 ἐστίν
321 2221 342 2310 ή
367 2227 435 2290 ΑΓ
457 2235 497 2311 τῇ
526 2231 587 2291 ΓΒ
613 2225 718 2312 μήκει.
762 2222 807 2304 ὡς
835 2225 872 2292 δέ
900 2223 920 2311 ή
951 2232 1020 2293 ΑΓ
1042 2225 1155 2313 πρὸς·

56 2354 90 2402 νο
108 2327 170 2414 τήν
188 2335 275 2414 ΓΒ,
304 2328 410 2409 οὕτως
436 2329 474 2397 τὸ
503 2328 568 2398 ἀπὸ
596 2334 655 2418 τῆς
683 2337 751 2399 ΑΓ
773 2329 857 2419 πρὸς
884 2330 922 2398 τὸ
956 2328 1021 2399 ὑπὸ
1057 2336 1129 2400 τῶν

109 2442 188 2522 ΑΓ,
212 2443 287 2505 ΓΒ·
324 2433 536 2526 ἀσύμμετρον
565 2435 631 2523 ἄρα
659 2437 727 2504 ἐστὶ
754 2435 792 2504 τὸ
822 2433 887 2504 οἷπὸ
911 2439 968 2523 τῆς
991 2443 1063 2504 ΑΓ
1081 2442 1129 2530 τῷ

108 2541 174 2611 ὑπὸ
197 2547 266 2611 τῶν
286 2549 361 2628 ΑΓ,
386 2549 454 2612 ΓΒ.
467 2546 475 2625 ‘j
492 2540 578 2612 ἀλλὰ
602 2554 647 2634 τῷ
672 2543 733 2630 μὲν
757 2541 822 2610 ἀπὸ
840 2546 900 2629 τῆς
919 2549 988 2611 ΑΓ
1002 2542 1130 2631 σύμμε-

107 2648 169 2736 τροί
203 2650 271 2715 ἐστι
303 2647 343 2714 τὰ
375 2646 439 2717 ἀπὸ
470 2654 538 2718 τῶν
566 2655 646 2734 ΑΓ,
675 2656 749 2716 ΓΒ·
792 2648 932 2735 δυνάμει
962 2648 1027 2737 γάρ
1061 2654 1130 2718 είσι

181 2814 204 2860 1.
224 2806 293 2929 AV]
314 2807 452 2861 Γίοεεε.
467 2807 497 2860 Β.
552 2814 577 2861 2.
596 2803 714 2862 κατοίΡ.
769 2808 856 2874 δήίον
873 2803 918 2876 δή,
937 2802 994 2877 ὅτι]
1014 2806 1130 2879 δηλαδή

109 2877 207 2932 Theon
224 2877 257 2947 (B
292 2872 408 2944 Vb);
392 2897 436 2931 οτι
455 2878 517 2933 add.
537 2877 615 2934 Bm.
635 2885 660 2932 2.
733 2886 757 2933 3.
781 2883 842 2945 ΑΓ,
862 2881 912 2931 ΓΒ
932 2881 1048 2948 μείζονα
1069 2881 1128 2934 τῶν

108 2968 165 3003 απο
155 2945 304 3016 τωνΑΔ
314 2952 375 3015 ΔΒ,
390 2969 427 3010 ως
442 2944 538 3003 ἐκτίνω
554 2945 703 3019 ἐδειξοιμεν
712 2948 808 3005 Theon
821 2949 955 3018 (BFVb)
1011 2956 1036 3003 4
1048 2950 1129 3006 Ante

108 3020 159 3073 καί
175 3018 239 3073 add.
260 2990 329 3072 έστω
349 3015 401 3073 δέ
419 3019 453 3087 V,
472 3019 526 3074 et
518 3037 549 3073 1n
566 3037 622 3088 mg.
642 3039 678 3074 m.
699 3026 713 3073 1
733 3016 887 3074 ἐλάσσονα
906 3022 962 3075 τῶν
981 3015 1040 3074 α’πό
1063 3025 1129 3090 ΑΓ,

110 3094 168 3143 ΓΒ
242 3093 266 3142 5.
282 3090 387 3144 κείσθω
410 3089 440 3158 V,
459 3107 527 3145 corr
548 3109 584 3145 m.
606 3097 629 3145 1.
695 3097 718 3144 6.
738 3090 789 3163 τῷ]
809 3106 878 3145 corr.
899 3108 932 3146 ex
951 3087 1036 3145 τόθ’.
1101 3099 1127 3149 7.

107 3155 397 3247 παραλληλόγραμμον
417 3133 607 3232 ὀρθογώνιον]
628 3177 681 3215 om.
698 3145 795 3216 Theon
811 3161 946 3229 (BFVb).
1002 3168 1026 3216 9
1050 3164 1125 3234 ΘΚ]

107 3232 203 3286 inras.
216 3231 251 3286 V
313 3237 354 3287 10
374 3226 494 3301 ἅπερ-
511 3238 551 3285 11.
573 3232 637 3315 ΓΒ]
657 3249 710 3286 om
729 3234 784 3290 Fb.
802 3249 859 3301 mg.
874 3251 910 3286 m.
925 3232 1022 3286 2BV.
1083 3241 1126 3288 11.

108 3297 291 3356 ἐίοίττοναδί
343 3309 391 3386 „¹2¹
407 3298 502 3375 ΕΛ]
488 3299 545 3357 υπὸ
560 3303 694 3372 τῶνΑΓ,
709 3302 804 3358 ΓΒΒ.
833 3302 942 3357 Deinde
957 3303 1020 3357 εδδ
1035 3299 1126 3358 πάλιν

107 3369 143 3439 δή
162 3379 222 3435 τοις
240 3367 297 3428 οἷπδ
317 3393 373 3427 των
392 3379 459 3443 ΑΔ,
478 3378 531 3427 ΔΒ
555 3371 672 3428 ἔλασσον
687 3346 811 3459 ἐδείχθη
830 3374 886 3428 τῶν
906 3369 963 3428 απὸ
983 3394 1041 3428 των
1061 3379 1125 3441 ΑΓ,

102 3443 210 3511 I'BB,
240 3439 305 3498 ἐπεί
294 3444 372 3498 ίκαί
392 3417 459 3513 (καί
470 3441 536 3499 ἐπεί
546 3444 588 3531 V)
607 3441 641 3498 τὰ
662 3440 718 3498 απὸ
738 3446 793 3498 τῶν
816 3451 882 3509 ΑΔ,
905 3450 958 3498 ΔΒ
982 3417 1125 3500 ἐλάσσονα

89 3485 245 3579 (lldnova
261 3517 297 3586 Γ)
318 3513 441 3589 ἐδείχθη
460 3517 517 3572 τῶν
538 3512 595 3572 ἀπὸ
617 3517 673 3570 τῶν
700 3520 764 3584 AF,
781 3518 832 3568 PB
854 3515 950 3581 VVV,
972 3516 1005 3568 'm
1021 3516 1047 3570 V
1065 3515 1123 3571 del.
