2378 3832
106 184 171 250 302
492 187 694 239 ΣΤοΙΧωεωα
713 207 740 242 ι.

105 327 314 418 τετραγώνῳ,
332 328 388 395 καί
403 326 533 396 ἔστω
501 354 539 395 το
553 325 619 396 ὑπὸ
634 332 702 396 τάν
717 336 749 395 A
755 335 794 413 Z
810 334 890 395 ΖΗ
914 323 1123 413 ἀσύμμετρος

106 435 172 561 ἄρα
201 432 336 502 ἐστὶν
314 462 339 562 η
364 441 429 501 ΑΖ
456 445 495 523 τη
521 440 591 500 ΖΗ
614 432 719 521 μήκει.
766 431 811 513 ὡς
840 430 920 519 δδὴ
946 439 1012 500 AZ
1039 432 1123 520 πρὸς

105 538 167 626 τὴν
186 547 264 626 ΖΗ,
289 539 395 620 οὕτως
418 541 487 608 ἐστὶ
510 539 547 607 τὸ
568 546 628 608 ΑΙ
647 541 730 627 πρὸς
747 539 785 607 τὸ
805 547 883 607 ΖΚ·
906 537 1121 626 ἀσύμμετρον

56 643 172 732 άρα
196 645 320 714 ἐστὶ
287 674 325 715 το
349 654 409 715 ΑΙ
429 657 474 738 τῷ
499 653 573 714 ΖΚ.
608 647 664 714 καί
688 647 758 715 ἐκεί
781 649 917 728 αίΑΗ,
936 650 1005 713 ΑΓ
1025 647 1122 733 ῥηταί

71 757 171 826 σείσι
203 753 347 840 δυνάμει
374 752 483 887 μόνον
516 753 713 840 σύμμετροι,
745 753 849 840 μέσον
883 752 952 821 ἐστὶ
980 750 1019 819 τδ
1044 759 1121 820 ΑΚ.

105 858 223 946 πάλιν,
258 860 388 927 ἐπεὶ
351 887 385 926 αι
409 866 489 945 ΑΓ,
514 867 591 926 ΔΗ
615 861 716 947 ῥηταί
739 864 803 927 είσι
831 859 886 926 καὶ
915 855 1121 946 ἀσύμμετροι

105 965 212 1052 μήκει,
235 969 339 1053 μέσον
363 965 433 1033 ἐστὶ
455 964 567 1032 καί
534 992 571 1033 το
596 973 675 1033 ΔΚ.
712 967 782 1034 ἐπεὶ
807 958 870 1034 οὖν
894 968 931 1032 αί
947 971 1030 1050 ΑΗ,
1050 971 1121 1031 HA

105 1070 246 1157 δυνάμει
265 1071 372 1157 μόνον
397 1070 583 1159 σύμμετροί
598 1070 738 1157 ε’ίσιν,
720 1071 929 1159 ασύμμετρος
948 1068 1014 1201 ἄρα
1029 1072 1120 1139 ἐστὶν

105 1174 227 1263 ἡΑΗ
250 1203 289 1266 τη
318 1184 400 1245 HA
419 1178 525 1265 μήκει.
571 1175 616 1257 ὡς
640 1176 721 1264 δέη
745 1185 822 1245 AH
843 1179 927 1263 πρὸς
949 1175 1013 1264 τὴν
1035 1185 1120 1263 ΗΔ,

53 1307 86 1356 10
105 1281 211 1364 οὕτως
244 1284 313 1351 ἐστὶ
344 1287 382 1351 τὸ
409 1291 484 1351 ΑΚ
511 1282 594 1370 πρὸς
621 1283 658 1350 τὸ
688 1206 771 1350 ΚΔ·
813 1281 1026 1370 ἀσύμμετρον
1055 1282 1120 1370 άρα

105 1388 174 1456 ἐστὶ
204 1391 242 1457 τὸ
270 1396 341 1456 ΑΚ
370 1393 416 1481 τῷ
446 1396 526 1458 KA.
581 1388 771 1457 συνεστάτω
803 1381 867 1457 οὖν
894 1393 939 1480 τῷ
973 1390 1035 1476 μέν
1063 1397 1123 1457 ΑΙ

105 1501 181 1563 ἴσον
204 1495 415 1582 τετράγωνον
437 1494 475 1564 τὸ
498 1503 583 1582 AM,
606 1500 652 1586 τῷ
677 1494 715 1564 δέ
738 1502 806 1563 ΖΚ
828 1504 904 1563 ίσον
927 1493 1119 1585 ἀφῃρήσθω

104 1589 179 1688 περὶ
202 1600 265 1688 τὴν
289 1599 395 1689 αὐτὴν
417 1607 547 1689 γωνίαν
570 1601 606 1670 τὸ
626 1605 706 1678 ΝΞ·
736 1602 812 1689 περὶ
835 1602 899 1687 τὴν
923 1599 1030 1690 αὐτὴν
1054 1602 1119 1690 ἄρα

105 1706 286 1795 διάμετρόν
310 1709 441 1775 ἐστιτὰ
466 1715 554 1794 AM,
573 1711 643 1784 ΝΞ
662 1708 862 1795 τετράγωνα.
899 1713 982 1776 ἔστω
1007 1707 1119 1778 αὐτῶν

52 1837 84 1886 15
105 1812 315 1904 διάμετροςά,
333 1821 405 1900 ΟΡ,
428 1815 484 1882 καί
502 1814 769 1902 καταγεγράφθω
788 1812 825 1882 τὸ
847 1824 965 1901 σχῆμα.
996 1815 1120 1903 ὁμοίως

105 1918 146 2006 δὴ
169 1935 239 2001 τοῖς
262 1919 373 1989 ἐπάνω
402 1922 570 2008 δείξομεν,
601 1919 652 1989 ὅτι
675 1920 696 2007 ἡ
720 1927 796 1990 ΛΝ
820 1919 961 1989 δύναται
989 1921 1026 1990 τὸ
1052 1930 1118 1990 AB

102 2032 236 2115 χωρίον.

170 2134 282 2219 Λέγω,
313 2131 363 2202 ὅτι
390 2130 411 2220 ἡ
436 2140 511 2201 ΛΝ
532 2131 580 2220 [ἡ]
604 2133 684 2220 μετὰ
708 2134 812 2220 μέσον
834 2135 939 2220 μέσον
967 2135 1004 2202 τὸ
1033 2132 1116 2203 ὅλον

102 2238 248 2306 ποιοῦσά
273 2241 373 2306 ἐστιν.

49 2367 84 2416 20
167 2340 255 2410 Ἐπεὶ
285 2343 350 2432 γάρ
378 2347 480 2429 μέσον
510 2346 644 2431 ἐδείχθη
673 2343 710 2413 τὸ
740 2352 810 2412 ΑΚ
838 2350 898 2411 καί
922 2346 1013 2413 ἐστιν
1042 2355 1119 2414 ίσον

103 2461 172 2529 τοῖς
195 2447 257 2517 άττε
284 2454 353 2517 τάν
376 2457 457 2535 AO,
484 2456 565 2535 ON,
595 2449 632 2518 τὸ
658 2449 724 2538 άρα
747 2457 966 2538 συγκείμενον
990 2455 1118 2522 ἐκτῶν

103 2553 168 2624 άπὸ
196 2559 264 2623 τῶν
292 2562 374 2642 AO,
400 2562 470 2623 ΟΝ
495 2558 598 2642 μέσον
630 2558 728 2626 ἐστίν.
774 2559 891 2643 πάλιν,
920 2560 989 2626 ἐπεὶ
1013 2561 1118 2645 μέσον

103 2666 238 2751 ἐδείχθη
262 2661 299 2730 τὸ
325 2669 398 2730 ΔΚ
425 2667 484 2730 καί
504 2664 594 2731 ἐστιν
618 2671 693 2731 ίσον
717 2667 762 2751 τῷ
787 2665 839 2743 δὶς
861 2661 928 2732 ὑπὸ
952 2668 1020 2733 τάν
1040 2672 1118 2752 ΛΟ,

104 2776 182 2855 ΟΝ,
206 2770 261 2836 καὶ
285 2767 323 2836 τὸ
344 2769 397 2848 δίς
418 2766 485 2837 ὑπὸ
509 2773 576 2837 τῶν
600 2776 676 2856 AO,
702 2777 773 2837 ΟΝ
792 2771 896 2857 μέσον
917 2772 1020 2838 ἐστίν.
1061 2771 1118 2839 καὶ

49 2898 83 2946 25
104 2875 172 2943 ἐπεὶ
196 2873 408 2962 άσάμμετρον
432 2877 568 2963 ἐδείχθη
592 2874 629 2943 τὸ
654 2884 726 2944 ΑΚ
747 2880 791 2968 τῷ
815 2884 898 2961 ΔΚ,
921 2874 1117 2963 ἀσύμμετρα

104 2978 195 3066 [άρα]
221 2981 289 3048 ἐστὶ
312 2981 367 3048 καὶ
394 2983 434 3058 τά
463 2979 526 3050 άπὸ
555 2989 623 3050 τῶν
646 2988 727 3068 ΛΟ,
754 2989 824 3051 ΟΝ
849 2980 1042 3071 τετράγωνα
1071 2986 1116 3074 τῷ

102 3085 155 3165 δὶς
178 3083 243 3153 ὑπὸ
268 3090 335 3154 τῶν
359 3093 436 3173 ΛΟ,
458 3093 534 3157 ΟΝ.
579 3089 634 3155 καὶ
659 3089 727 3156 ἐπεὶ
751 3086 965 3176 ἀσύμμετρόν
988 3090 1058 3156 ἐστι
1077 3087 1115 3157 τὸ

174 3323 198 3371 1
218 3312 443 3387 άτάμμετρονΡ,
464 3333 533 3376 corr
553 3337 589 3372 m.
612 3325 634 3379 1.
699 3324 723 3374 2.
744 3319 814 3390 ΖΗ]
836 3319 939 3374 ΗΖΕ.
1008 3324 1033 3374 3.
1053 3318 1113 3390 ΑΙ]

102 3384 274 3444 άτδΑΙΡ.
343 3395 368 3442 4
389 3384 435 3444 ἕο
437 3389 514 3443 ίνΡ
573 3390 632 3460 AI]
653 3407 722 3444 corr.
742 3407 781 3444 ex
794 3394 901 3446 Arm
920 3406 974 3444 reo
993 3388 1022 3445 P
1089 3397 1114 3444 5.

89 3460 259 3532 Mjoorr.
282 3477 316 3516 ex
340 3465 459 3517 AKm
479 3477 535 3517 ree
553 3458 585 3515 P
663 3467 689 3516 ο
710 3456 846 3514 ααίν
869 3468 892 3516 1
913 3461 985 3548 ΔΚ]
1010 3477 1065 3518 om
1083 3458 1113 3514 P

116 3538 161 3590 10,
181 3535 264 3609 ΚΔ]
283 3540 346 3593 ΔΚ
361 3535 394 3594 V.
455 3541 498 3592 11.
520 3534 594 3607 ΚΔ]
613 3549 685 3590 eon.
694 3531 849 3588 exAKX'
901 3537 979 3583 XM
960 3527 1118 3598 δφηοὴοθω
