2378 3832
49 113 115 177 262
435 113 637 165 ΣΤΟΙΧΒΙΩΝ
656 111 682 166 ι’.

49 253 132 342 πρὸς
150 253 362 341 τετράγωνον
382 253 540 341 ἀριθμόν,
562 255 618 321 καὶ
636 252 833 339 πεποιήσθω
854 249 899 331 ὡς
916 251 979 338 μὲν
999 249 1018 319 6
1039 258 1070 318 Ε

49 359 133 448 πρὸς
155 359 215 427 τὸν
237 366 310 446 ΒΓ,
335 358 442 439 οὕτως
463 358 500 428 τὸ
525 358 590 428 ιἰιτὸ
614 363 672 447 τῆς
695 368 727 427 A
748 360 960 446 τετράγωνον
984 356 1069 445 πρὸς

49 463 88 534 τὸ
113 465 177 533 ἀπὸ
201 470 260 552 τῆς
283 473 354 532 ΖΗ
372 465 600 554 τετράγωνον,
631 465 677 544 ὡς
706 464 743 532 δὲ
771 463 790 531 6
815 469 882 530 ΒΓ
898 463 985 551 πρὸς
1008 463 1068 531 τὸν

51 578 124 658 ΓΛ,
148 570 255 652 οὕτως
276 572 314 640 τὸ
338 570 403 640 ἀπὸ
427 575 486 658 τῆς
509 577 580 639 ΖΗ
598 572 812 660 τετράγωνον
834 567 919 657 πρὸς
940 569 980 637 τὸ
1001 567 1068 637 ἀπὸ

14 700 31 750 5
49 681 107 765 τῆς
120 685 197 746 ΗΘ.
234 679 303 746 ἐπεὶ
328 670 391 746 οὖν
415 680 506 746 ἐστιν
529 675 573 758 ὡς
597 675 615 746 6
635 684 666 744 Ε
682 678 764 765 πρὸς
781 675 842 744 τὸν
861 681 935 762 ΒΓ,
959 673 1069 756 οὕτως

49 783 87 853 τὸ
115 782 179 854 ιἰπό
208 788 266 872 τῆς
289 793 321 852 Α
343 783 554 872 τετράγωνον
578 783 661 872 πρὸς
683 781 721 852 τὸ
745 781 811 850 ἀπὸ
838 786 898 868 τῆς
921 789 995 849 ΖΗ
1018 808 1067 850 τε·

49 891 242 978 τράγωνον,
269 890 459 978 σύμμετρον
482 888 548 977 ἄρα
572 891 641 958 ἐστὶ
664 887 702 958 τὸ
726 887 791 957 ἀπὸ
814 893 873 975 τῆς
900 898 933 957 A
954 887 1068 976 τετρά-

50 1024 163 1083 γωνον
185 1001 231 1088 τῷ
255 994 320 1065 ἀπὸ
344 1001 402 1082 τῆς
426 1003 498 1063 ΖΗ
516 996 723 1089 τετραγώνῳ.
761 993 865 1083 ῥητὸν
889 995 927 1062 δὲ
944 993 982 1062 τὸ
1002 991 1068 1063 ἀπὸ

49 1107 109 1188 τῆς
132 1110 164 1169 A
186 1102 406 1189 τετράγωνον.
453 1102 557 1189 ῥητὸν
586 1101 651 1190 ἄρα
674 1103 730 1170 καὶ
752 1100 791 1170 τὸ
815 1097 881 1170 ἀπὸ
904 1112 965 1188 τῆς
988 1106 1067 1167 ΖΗ·

0 1233 34 1281 ιο
53 1206 134 1295 ῥητὴ
160 1206 226 1295 ἄρα
250 1209 341 1276 ἐστὶν
364 1207 385 1296 ἡ
409 1215 484 1276 ΖΗ.
530 1210 585 1276 καὶ
615 1209 683 1276 ἐπεὶ
714 1206 731 1276 6
756 1216 788 1275 E
813 1206 896 1296 πρὸς
922 1206 982 1276 τὸν
1006 1213 1073 1274 ΒΓ

50 1313 155 1400 λόγον
168 1312 229 1381 οὐκ
240 1320 316 1401 ἔχει,
332 1311 372 1382 ὃν
382 1315 590 1401 τετράγωνος
604 1312 752 1403 ἀριθμὸς
764 1313 1069 1405 πρόςτετράγωνον
1184 1305 1187 1337 ³

49 1416 211 1506 ἀριθμόν,
236 1420 312 1488 οὐδ’
333 1419 398 1507 ἄρα
417 1420 454 1488 τὸ
474 1419 539 1489 ἀπὸ
562 1425 621 1508 τῆς
640 1432 672 1488 Α
694 1419 905 1509 τετράγωνον
928 1422 1013 1504 πρὸς
1030 1417 1069 1487 τὸ

51 1522 116 1595 ἀπὸ
140 1531 199 1613 τῆς
219 1534 289 1594 ΖΗ
309 1527 545 1615 [τετράγωνον]
571 1527 676 1613 λόγον
695 1533 773 1614 ἔχει,
797 1522 838 1594 ὃν
861 1523 1071 1613 τετράγωνος

51 1630 197 1719 ἀριθμὸς
219 1632 303 1722 πρὸς
325 1632 536 1720 τετράγωνον
565 1633 728 1720 ἀριθμόν·
765 1631 976 1720 ἀσύμμετρος
1003 1630 1071 1719 ἄρα

1 1762 34 1812 15
54 1740 145 1808 ἐστὶν
168 1739 189 1826 ἡ
214 1750 245 1807 Α
267 1744 308 1829 τῇ
333 1747 405 1807 ΖΗ
423 1739 529 1826 μήκει.
566 1739 679 1826 πάλιν,
703 1741 776 1807 ἐπεί
792 1740 882 1806 ἐστιν
906 1736 951 1818 ὡς
970 1736 988 1806 6
1008 1744 1075 1806 ΒΓ

50 1844 134 1933 πρὸς
152 1845 214 1915 τὸν
228 1853 301 1932 ΓΔ,
326 1845 432 1925 οὕτως
450 1845 487 1913 τὸ
507 1845 572 1914 ἀπὸ
592 1849 651 1932 τῆς
670 1852 738 1912 ΖΗ
755 1845 966 1931 τετράγωνον
985 1845 1071 1930 πρὸς

50 1951 88 2020 τὸ
113 1951 178 2019 ἀπὸ
201 1956 259 2039 τῆς
277 1960 353 2037 ΗΘ,
377 1956 566 2041 σύμμετρον
589 1951 656 2040 ἄρα
680 1952 748 2020 ἐστὶ
772 1949 809 2020 τὸ
834 1948 900 2018 ἀπὸ
924 1954 983 2037 τῆς
1003 1957 1072 2018 ΖΗ

50 2062 96 2150 τῷ
119 2055 184 2153 ἆιιὸ
208 2070 267 2144 τῆς
289 2065 365 2126 ΗΘ.
412 2058 515 2144 ῥητὸν
540 2059 577 2126 δὲ
604 2057 642 2126 τὸ
671 2056 737 2125 ἀπὸ
764 2063 823 2144 τῆς
847 2063 927 2123 ΖΗ·
964 2056 1070 2144 ῥητὸν

51 2162 116 2250 ἄρα
139 2164 195 2230 καὶ
218 2163 255 2231 τὸ
279 2163 344 2232 ἀπὸ
368 2168 427 2251 τῆς
446 2172 525 2232 ΗΘ·
556 2163 639 2252 ῥητὴ
660 2162 725 2253 ἄρα
746 2164 836 2232 ἐστὶν
855 2160 876 2250 ἡ
896 2169 973 2232 ΗΘ.
1014 2163 1071 2230 καὶ

0 2294 34 2341 ιο
53 2268 123 2336 ἐπεὶ
148 2269 165 2336 6
191 2276 257 2337 ΒΓ
280 2269 362 2356 πρὸς
383 2268 444 2337 τὸν
468 2277 535 2338 ΓΛ
557 2271 662 2355 λόγον
686 2268 748 2339 οὐκ
775 2275 855 2355 ἔχει,
889 2264 930 2337 ὃν
958 2271 1070 2357 τετρά-

51 2400 160 2460 γωνος
188 2373 334 2461 ἀριθμὸς
360 2374 444 2461 πρὸς
466 2378 677 2461 τετράγωνον
705 2373 871 2464 ἀριθμόν,
901 2373 977 2442 οὐδ’
1003 2374 1070 2464 ἄρα

50 2480 88 2548 τὸ
114 2478 179 2550 ἀπὸ
203 2486 261 2568 τῆς
290 2488 357 2549 ΖΗ
379 2480 464 2569 πρὸς
485 2479 524 2548 τὸ
548 2478 614 2549 ἀπὸ
637 2484 695 2568 τῆς
714 2487 781 2548 ΗΘ
804 2480 908 2566 λόγον
928 2487 1005 2569 ἔχει,
1029 2477 1071 2550 ὃν

50 2587 257 2676 τετράγωνος
281 2586 426 2674 ἀριθμὸς
444 2585 528 2675 πρὸς
545 2587 757 2676 τετράγωνον
776 2584 942 2675 ἀριθμόν·
966 2584 1070 2675 ἀσύμ-

51 2719 169 2781 μετρος
192 2693 258 2782 ἄρα
281 2694 372 2762 ἐστὶν
395 2691 415 2779 ἡ
441 2701 513 2760 ΖΗ
530 2697 571 2780 τῇ
594 2701 662 2761 ΗΘ
684 2694 790 2781 μήκει.
826 2700 886 2761 καί
902 2699 989 2762 εἰσιν
1009 2691 1070 2781 ἄψ

0 2823 33 2872 ιε
53 2799 193 2887 φότεραι
217 2803 326 2887 ῥηταί·
364 2803 402 2867 αἱ
422 2806 503 2887 ΖΗ,
525 2806 594 2867 ΗΘ
621 2799 688 2888 ἄρα
711 2803 813 2887 ῥηταί
837 2805 902 2868 εἰσι
926 2801 1069 2887 δυνάμει

52 2905 159 2992 μόνον
184 2907 379 2995 σύμμετροι·
404 2905 553 2994 ἀποτομὴ
578 2905 644 2995 ἄρα
669 2907 759 2975 ἐστὶν
783 2905 804 2993 ἡ
829 2913 899 2977 ΖΘ.

120 3014 217 3097 Λέγω
241 3013 294 3100 δή,
318 3010 369 3080 ὅτι
392 3014 448 3080 καὶ
470 3020 573 3099 τρίτη.

120 3116 208 3186 Ἐπεὶ
232 3118 296 3205 γάρ
321 3122 412 3187 ἐστιν
435 3117 481 3198 ὡς
504 3120 566 3206 μὲν
590 3117 608 3188 6
628 3127 660 3186 E
680 3118 763 3205 πρὸς
785 3116 846 3189 τὸν
865 3125 939 3206 ΒΓ,
964 3117 1070 3199 οὕτως

53 3224 91 3294 τὸ
115 3223 181 3293 ἀπὸ
204 3229 263 3311 τῆς
286 3235 317 3292 Α
340 3224 551 3311 τετράγωνον
574 3223 656 3311 πρὸς
678 3225 716 3293 τὸ
740 3225 805 3294 ἀπὸ
829 3229 889 3313 τῆς
914 3233 995 3311 ΖΗ,
1026 3223 1070 3305 ὡς

122 3393 149 3452 41,
170 3387 346 3442 πεττοιείσθω
365 3386 395 3438 F.
450 3391 476 3438 4.
496 3384 566 3455 ΖΗ]
587 3401 657 3439 corr.
673 3387 826 3440 exAHF.
882 3391 908 3440 6.
927 3392 949 3440 Α
968 3383 1066 3455 τετρά-

35 3458 192 3530 ycwovJA
208 3458 238 3514 V.
314 3465 337 3516 7.
353 3453 429 3532 ἐστι’]
446 3475 502 3514 om.
517 3455 552 3512 V.
615 3453 924 3527 τετράγωνοήεῌ.
987 3463 1011 3511 8.
1026 3475 1068 3510 τε·

1178 3326 1183 3427 Ι
