2378 3832
106 111 172 176 264
493 114 695 166 mmmm
714 109 740 167 ι’.

107 252 145 321 δὲ
169 249 187 344 ῥ
210 258 279 321 ΒΓ
294 250 379 341 πρὸς
401 251 462 321 τὸν
481 259 559 340 ΓΛ,
588 251 695 335 οὕτως
717 252 756 322 τὸ
780 251 846 322 ἀπὸ
869 264 929 341 τῆς
951 259 1025 321 ΖΗ
1042 252 1126 342 πρὸς

107 357 145 427 τὸ
168 356 234 427 ἀπὸ
256 363 316 447 της
333 367 413 445 ΘΗ,
437 356 482 427 δι’
500 369 578 429 ίσον
600 359 667 449 ἄρα
690 361 781 430 ἐστὶν
805 358 851 442 ὥς
870 358 888 429 ὁ
908 368 940 428 Ε
960 358 1046 447 πρὸς
1064 359 1126 429 τὸν

107 471 185 551 ΓΛ,
215 464 321 547 οὕτως
343 465 381 538 τὸ
404 462 469 535 ἀπὸ
492 471 551 554 τῆς
574 478 606 534 A
632 466 715 555 πρὸς
741 466 779 535 τὸ
808 464 874 535 ιἰιιὸ
902 470 960 553 τής
983 473 1062 535 ΘΗ.
1106 464 1125 534 ὁ

108 572 146 642 δὲ
168 579 200 640 Ε
224 571 308 661 πρὸς
334 573 395 641 τὸν
418 579 487 642 ΓΔ
514 573 618 659 λόγον
647 571 708 641 οὐκ
736 578 818 661 ἔχει,
849 569 890 642 ὃν
916 573 1127 661 τετράγωνος

72 705 88 753 5
107 675 254 767 ἀριθμὸς
276 678 360 764 πρὸς
382 679 595 768 τετράγωνον
618 679 780 769 ἀριθμόν·
811 677 886 749 οὐδ’
907 678 975 768 ἄρα
996 678 1036 747 τὸ
1060 677 1127 747 ἀπὸ

107 790 166 873 τής
179 798 211 854 A
229 784 314 874 πρὸς
330 784 368 855 τὸ
388 784 452 854 ιἰιιό
472 791 531 873 τής
545 794 614 855 ΗΘ
632 786 737 872 λόγον
756 791 832 873 ἔχει,
857 783 898 854 ὃν
915 785 1126 873 τετράγωνος

108 890 253 979 ἀριθμὸς
275 887 359 981 πρὸς
380 892 592 981 τετράγωνον
621 890 784 981 ιἰρνθμόν·
821 889 1033 978 ἀσύμμετρος
1060 892 1122 981 ἄρα

107 997 128 1085 ή
149 1007 181 1066 A
202 1003 243 1086 τῇ
262 1005 332 1065 ΗΘ
355 997 460 1084 μήκει.
489 996 648 1086 οὐδετέρα
672 998 737 1087 ἄρα
760 1003 829 1067 τῶν
853 1006 930 1083 ΖΗ,
949 1005 1020 1067 ΗΘ
1043 999 1125 1087 σύμ

108 1103 226 1190 μετρός
254 1106 322 1172 ἐστι
350 1108 390 1191 τή
415 1105 585 1193 ἐκκειμένῃ
614 1108 696 1194 ῥητή
719 1115 760 1195 τῇ
785 1115 817 1174 Α
844 1103 949 1192 μήκει.
1005 1098 1033 1199 ᾦ
1060 1097 1125 1173 οὖν

56 1235 89 1284 10
108 1210 221 1298 μεῖζόν
245 1208 374 1279 ἔστιτὸ
398 1208 462 1279 ἀπὸ
486 1215 544 1297 τῆς
568 1217 638 1279 ΖΗ
661 1217 722 1280 τοῦ
750 1209 815 1280 ἀπὸ
844 1215 902 1298 τῆς
924 1217 1008 1297 ΗΘ,
1041 1216 1128 1279 ἔστι)

107 1315 145 1384 τὸ
169 1314 234 1384 ιἰκὸ
254 1320 313 1402 τής
330 1322 372 1384 K.
409 1317 478 1384 ἐπεὶ
498 1308 562 1384 οὖν
582 1319 671 1384 ἐστιν
691 1315 855 1397 ὡςὸΒΓ
871 1316 955 1404 πρὸς
972 1316 1033 1385 τὸν
1051 1324 1085 1386 Γ
1083 1327 1129 1403 Λ,

109 1419 216 1502 οὕτως
233 1421 271 1490 τὸ
290 1419 355 1490 ἀπὸ
374 1427 433 1509 τῆς
452 1428 523 1490 ΖΗ
541 1421 626 1508 πρὸς
648 1422 686 1492 τὸ
706 1422 771 1491 ἀπὸ
790 1426 849 1510 τής
865 1430 945 1508 ΗΘ,
969 1421 1129 1511 ἀντιστρέ-

108 1541 209 1608 ψαντι
234 1527 300 1617 ἄρα
323 1529 415 1597 ἐστὶν
439 1526 484 1608 ὥς
513 1526 531 1597 ὁ
555 1536 620 1597 ΒΓ
643 1529 727 1618 πρὸς
752 1529 814 1599 τὸν
836 1538 920 1616 ΒΔ,
953 1528 1061 1611 οὕτως
1090 1530 1129 1599 τὸ

109 1632 175 1702 ἀπὸ
203 1639 262 1722 τής
285 1642 357 1704 ΖΗ
374 1635 587 1722 τετράγωνον
609 1635 693 1723 πρὸς
719 1635 757 1704 τὸ
787 1632 852 1704 ιἰιιὸ
875 1639 934 1723 τής
955 1643 998 1704 K.
1044 1634 1064 1705 ὁ
1091 1637 1128 1706 δὲ

57 1767 89 1815 15
109 1747 176 1809 ΒΓ
193 1741 278 1831 πρὸς
294 1742 355 1810 τὸν
374 1749 442 1810 ΒΔ
465 1740 569 1826 λόγον
588 1747 666 1829 ἔχει,
690 1739 731 1810 ὃν
753 1742 962 1831 τετράγωνος
980 1740 1128 1830 ἀριθμός

68 1833 71 1838 ’
108 1847 191 1935 πρὸς
212 1847 424 1937 τετράγωνον
451 1845 613 1935 ἀριθμόν·
650 1849 703 1916 καὶ
728 1846 767 1916 τὸ
790 1845 855 1916 ἀπὸ
878 1853 937 1936 τής
960 1856 1035 1917 ΖΗ
1059 1850 1127 1938 ἄρα

109 1952 192 2041 πρὸς
209 1952 247 2022 τὸ
266 1952 330 2020 ἀιιὸ
350 1956 410 2039 τής
427 1958 463 2019 Κ
477 1952 582 2039 λόγον
602 1958 678 2039 ἔχει,
699 1950 739 2022 ὃν
757 1953 966 2042 τετράγωνος
979 1953 1129 2044 ἀριθμὸς

26 2082 28 2086 “
108 2064 192 2148 πρὸς
209 2058 421 2144 τετράγωνον
440 2055 599 2145 ἀριθμόν.
627 2058 812 2148 σύμμετρός
826 2059 892 2149 ἄρα
906 2062 997 2129 ἐστὶν
1017 2060 1038 2150 ή
1061 2070 1130 2130 ΖΗ

108 2167 148 2252 τή
171 2170 207 2231 Κ
230 2166 342 2250 μήκει,
374 2163 430 2230 καὶ
461 2166 602 2232 δύναται
625 2161 645 2251 ή
672 2173 744 2232 ΖΗ
767 2171 827 2254 τής
849 2172 917 2235 ΗΘ
940 2175 1056 2254 μεῖζον
1081 2180 1127 2262 τῷ

57 2296 90 2346 20
110 2268 176 2338 ιἰτιό
206 2271 397 2357 συμμέτρου
425 2269 534 2358 ἕαντή.
579 2272 634 2338 καὶ
665 2268 824 2359 οὐδετέρα
851 2278 920 2342 τῶν
951 2281 1033 2358 ΖΗ,
1057 2281 1129 2342 ΗΘ

110 2373 296 2463 σύμμετρός
319 2377 389 2443 ἐστι
411 2379 452 2464 τή
477 2379 647 2465 ἐκκειμένῃ
672 2378 755 2466 ῥητή
778 2382 818 2467 τή
838 2388 870 2447 Α
888 2378 997 2466 μήκει·
1025 2382 1045 2468 ή
1068 2389 1129 2449 ΖΘ

109 2481 175 2572 ἄρα
198 2478 350 2569 ἀποτομή
375 2485 443 2550 ἐστι
462 2488 564 2570 τρίτη.

176 2587 326 2676 Εὕρηται
355 2586 463 2678 ἄραή
494 2595 586 2677 τρίτη
615 2587 765 2676 ιἰκοτομή
794 2587 815 2675 ή
844 2598 916 2659 ΖΘ·
951 2589 1032 2681 ὅπερ
1061 2598 1127 2661 ἔδει

110 2700 223 2779 δείξαι.

57 2878 73 2926 2
587 2858 655 2923 τιη.

76 2877 92 2928 ⁶
178 2956 326 3047 Εὑρεῖν
349 2957 419 3045 τήν
442 2959 638 3047 τετάρτην
662 2959 876 3048 ἆιιοτομήν.

174 3063 356 3134 Ἐκκείσθω
385 3065 468 3154 ῥητή
496 3065 517 3153 ή
546 3078 578 3134 A
604 3067 660 3134 καὶ
687 3071 727 3156 τή
751 3079 783 3135 A
811 3067 907 3156 μήκει
939 3068 1129 3159 σύμμετρος

110 3169 236 3259 ήΒΗ·
274 3171 356 3258 ῥητή
386 3171 452 3259 ἄρα
481 3174 626 3242 ἐστικαὶ
650 3171 670 3260 ή
695 3181 773 3243 ΒΗ.
819 3176 874 3242 καὶ
898 3176 1128 3246 ἐκκείσθωσαν

185 3391 207 3439 1.
227 3380 289 3456 τόν]
311 3401 365 3440 om.
384 3384 416 3440 P.
471 3378 545 3439 οὕτω
560 3385 592 3441 Β.
653 3393 676 3440 3.
699 3387 774 3458 ΘΗ]
794 3404 864 3442 corr.
879 3404 913 3442 ex
933 3391 992 3444 ΗΘ
1012 3389 1045 3444 V.
1099 3395 1122 3443 4.

97 3452 153 3511 τήν
169 3456 250 3530 ΓΔ]
268 3473 340 3514 corr.
362 3473 397 3514 ex
416 3459 445 3513 Γ
460 3475 498 3517 m.
518 3462 535 3512 2
553 3457 587 3514 F.
651 3463 680 3513 Θ.
699 3453 773 3513 ἐστιν
789 3458 828 3512 V.
887 3465 933 3512 u,
952 3461 1027 3530 NJ
1040 3477 1092 3515 ras.
1111 3465 1126 3513 2
