2378 3832
97 155 140 219 42
481 157 683 210 ΣΤΟΙΧΕΙΩΝ
701 153 728 211 ι’.

97 305 129 364 A
151 297 213 384 μὲν
236 308 294 383 τῆς
317 304 345 364 Β
365 303 477 383 μεῖζον
500 296 664 365 δυνάσθω
687 301 733 389 τῷ
758 295 823 365 ἀπὸ
845 301 905 383 τῆς
923 305 964 382 Ε,
986 295 1007 383 A
1028 296 1066 365 δὲ
1086 302 1119 365 Γ

97 406 155 490 τῆς
178 410 212 468 A
230 408 341 489 μεῖζον
360 401 522 470 δυνάσθω
541 407 587 497 τῷ
607 401 672 471 ἀπὸ
690 407 749 490 τῆς
767 411 808 470 Ζ·
844 404 942 489 λέγω,
966 403 1027 488 ὅτι,
1046 411 1114 471 εἴτε

98 508 285 596 σύμμετρός
307 510 396 577 ἐστιν
419 508 440 595 A
465 518 497 576 A
518 520 558 598 τῇ
582 517 627 592 Ε,
655 508 843 597 σύμμετρός
870 511 938 577 ἐστι
961 509 1016 577 καὶ
1039 507 1060 595 A
1086 515 1118 577 Γ

97 618 137 702 τῇ
162 622 204 699 Ζ,
233 623 299 684 εἴτε
321 614 531 703 ἀσύμμετρός
554 617 644 683 ἐστιν
667 612 688 702 A
712 625 744 682 A
765 619 805 704 τῇ
829 623 873 700 Β,
902 614 1115 704 ἀσύμμετρός

62 722 166 797 ὅέστι
189 721 245 789 καὶ
269 722 287 790 ὁ
312 728 344 790 Γ
362 726 401 810 τῇ
426 730 461 789 Ζ.
542 714 564 744 ’“

161 823 249 895 Ἐπεὶ
272 826 337 915 γάρ
361 829 451 895 ἐστιν
471 824 553 914 ὡςὴ
578 837 610 895 A
638 825 723 916 πρὸς
749 830 811 914 τὴν
836 834 880 912 Β,
910 825 1016 907 οὕτως
1038 825 1060 914 A
1086 833 1119 896 Γ

97 931 181 1018 πρὸς
203 936 264 1021 τὴν
283 941 327 1017 Δ,
351 938 442 1001 ἔστιν
465 931 531 1021 ἄρα
554 933 610 1001 καὶ
634 931 679 1013 ὡς
696 933 733 1002 τὸ
753 931 819 1002 ἀπὸ
839 937 898 1020 τῆς
918 943 950 1002 Α
969 933 1052 1022 πρὸς
1074 932 1112 1003 τὸ

97 1036 162 1106 ἀπὸ
187 1043 246 1125 τῆς
263 1046 303 1123 Β,
328 1038 434 1118 οὕτως
456 1037 493 1107 τὸ
518 1037 583 1108 ἀπὸ
606 1043 665 1126 τῆς
686 1046 718 1108 Γ
735 1038 819 1126 πρὸς
841 1039 878 1107 τὸ
904 1038 967 1107 ἀπὸ
991 1045 1049 1127 τῆς
1071 1049 1113 1109 Δ.

33 1150 37 1156 ’
97 1141 181 1212 ἀλλὰ
209 1154 254 1235 τῷ
282 1144 345 1231 μὲν
372 1143 437 1212 ἄπο
461 1148 519 1232 τῆς
542 1154 574 1213 A
598 1155 654 1213 ἴσοι
678 1147 747 1215 ἐστὶ
768 1144 808 1214 τὰ
832 1143 897 1213 ἀπὸ
921 1150 989 1214 τῶν
1008 1154 1048 1232 Ε,
1073 1153 1114 1232 Β,

47 1281 80 1329 10
97 1261 143 1342 τῷ
172 1250 210 1318 δὲ
238 1247 302 1318 ἀπὸ
331 1254 389 1338 τῆς
413 1256 444 1319 Γ
463 1260 519 1319 ἴσα
543 1253 613 1320 ἐστὶ
636 1251 676 1321 τὰ
700 1250 765 1320 ιἰιιὸ
789 1256 857 1321 τῶν
877 1260 920 1337 A,
942 1260 979 1319 Ζ.
1020 1257 1114 1321 ἔστιν

98 1356 163 1442 ἄρα
187 1355 231 1438 ὡς
258 1356 297 1425 τὰ
323 1354 389 1426 ἀπὸ
413 1362 481 1426 τῶν
505 1367 545 1441 Β,
568 1365 596 1425 Β
619 1359 703 1447 πρὸς
725 1359 763 1427 τὸ
782 1356 847 1427 ιἰπὸ
865 1363 927 1446 τῆς
942 1367 981 1445 Β,
1006 1359 1114 1440 οὕτως

96 1461 136 1530 τὰ
160 1461 226 1531 ἀπὸ
249 1466 317 1532 τῶν
342 1472 390 1549 A,
414 1471 442 1530 Ζ
463 1462 547 1551 πρὸς
574 1462 612 1533 τὸ
636 1462 701 1533 ἀπὸ
724 1468 784 1551 τῆς
807 1473 853 1531 A·
877 1467 1023 1534 διελόντι
1045 1464 1114 1553 ἄρα

62 1560 70 1577 ’
97 1570 187 1638 ἐστὶν
202 1567 247 1649 ὡς
260 1569 297 1638 τὸ
312 1567 377 1638 ἀπὸ
392 1575 451 1656 τῆς
465 1578 496 1638 Ε
507 1575 590 1658 πρὸς
602 1570 641 1638 τὸ
655 1569 721 1639 ἀπὸ
735 1575 794 1658 τῆς
807 1579 847 1657 Β,
864 1569 970 1652 οὕτως
987 1569 1024 1639 τὸ
1045 1569 1113 1639 ἀπὸ

96 1687 154 1762 τῆς
182 1685 209 1743 Ζ
236 1676 319 1765 πρὸς
345 1675 383 1745 τὸ
411 1673 476 1744 ἀπὸ
503 1687 561 1764 τῆς
589 1685 636 1744 A·
666 1684 756 1746 ἔστιν
784 1676 850 1766 ἄρα
877 1680 933 1746 καὶ
961 1676 1006 1757 ὡς
1032 1675 1053 1763 A
1084 1686 1117 1746 E

46 1810 78 1860 15
97 1783 179 1871 πρὸς
206 1782 267 1870 τὴν
290 1790 334 1869 Β,
363 1781 470 1862 οὕτως
492 1780 513 1870 A
538 1791 566 1850 Ζ
588 1783 671 1870 πρὸς
693 1783 757 1871 τὴν
780 1792 825 1850 Δ·
853 1782 1021 1851 ἀνάπαλιν
1045 1782 1114 1871 ἄρα

97 1890 188 1959 ἐστὶν
217 1888 261 1970 ὡς
284 1888 304 1976 A
328 1898 357 1958 Β
380 1888 465 1977 πρὸς
496 1889 557 1977 τὴν
580 1899 626 1977 Ε,
655 1888 763 1969 οὕτως
784 1888 805 1976 A
829 1896 863 1955 A
885 1886 968 1976 πρὸς
989 1885 1050 1972 τὴν
1076 1898 1114 1960 Ζ.

97 2002 165 2064 ἔστι
198 1997 236 2065 δὲ
263 1999 319 2064 καὶ
352 1993 398 2077 ὡς
424 1994 444 2083 A
474 2005 506 2064 A
527 1994 610 2083 πρὸς
638 1995 699 2082 τὴν
727 2003 772 2080 Β,
800 1992 907 2072 οὕτως
929 1991 949 2080 A
974 1999 1007 2061 Γ
1029 1994 1115 2082 πρὸς

96 2101 159 2189 την
182 2111 216 2169 A
222 2127 229 2142 ·
254 2100 299 2172 δι’
318 2113 394 2172 ἴσου
414 2101 480 2190 ἄρα
500 2102 589 2170 ἐστὶν
609 2099 654 2180 ὡς
671 2099 692 2186 A
713 2109 745 2168 A
763 2097 847 2186 πρὸς
859 2097 922 2186 τὴν
940 2108 979 2185 Ε,
1004 2098 1113 2183 οὕτως

96 2206 117 2295 A
141 2214 172 2277 Γ
191 2209 273 2298 πρὸς
295 2207 357 2296 τὴν
382 2217 418 2276 Ζ.
447 2217 512 2277 εἴτε
534 2198 600 2275 οὖν
623 2203 808 2292 σύμμετρός
829 2207 919 2273 ἐστιν
933 2204 954 2293 A
970 2215 1002 2273 A
1015 2210 1055 2296 τῇ
1070 2216 1112 2295 Ε,

44 2341 79 2392 20
94 2315 283 2405 σύμμετρός
307 2318 376 2383 ἐστι
398 2315 454 2383 καὶ
476 2311 497 2398 A
522 2318 554 2380 Γ
570 2315 610 2398 τῇ
634 2318 677 2397 Ζ,
701 2319 765 2378 εἴτε
788 2309 998 2399 ἀσύμμετρός
1020 2315 1113 2382 ἐστιν

97 2419 117 2508 A
142 2431 174 2490 A
196 2427 236 2511 τῇ
260 2430 300 2506 Β,
326 2418 517 2507 ἄσύμμερός
540 2417 687 2485 ἐστικαὶ
710 2415 730 2503 A
755 2423 788 2485 Γ
805 2421 844 2506 τῇ
869 2426 906 2488 Z.

161 2527 241 2596 Ἐὰν
260 2527 336 2616 ἄρα,
361 2523 480 2594 καὶτὰ
505 2525 585 2609 ἑξῆς.

578 2699 627 2768 ιε’.

162 2826 251 2896 Ἐὰν
274 2825 346 2895 δύο
370 2827 517 2913 μεγέθη
543 2826 745 2915 σύμμετρα
768 2829 958 2914 συντεθῇ,
981 2827 1046 2895 καὶ
1069 2825 1111 2896 τὸ

44 2959 79 3009 25
99 2933 193 3002 ὅλον
216 2932 385 3021 ἑκατέρῳ
414 2930 544 3001 αὐτῶν
571 2931 796 3020 σύμμετρον
820 2937 942 2999 ἔσται·
971 2929 1045 3000 κᾶν
1068 2932 1111 3002 τὸ

99 3037 195 3108 ὅλον
218 3038 278 3106 ἑνὶ
302 3035 431 3107 αὐτῶν
458 3038 684 3127 σύμμετρον
707 3030 744 3128 A,
772 3035 905 3107 καὶτὰ
930 3040 967 3120 ἐξ
991 3036 1113 3126 ἀρχῆς

98 3146 245 3233 μεγέθη
270 3144 472 3235 σύμμετρα
496 3152 613 3214 ἔσται.

165 3257 364 3339 Συγκείσθω
383 3251 448 3341 γὰρ
468 3254 531 3320 δύο
550 3253 676 3339 μεγέθη
696 3252 865 3339 σύμμετρα
883 3249 923 3319 τὰ
944 3259 1017 3340 ΑΒ,
1034 3256 1111 3319 ΒΓ·

171 3436 194 3486 1.
213 3431 263 3502 τῆς
281 3432 316 3503 Β]
336 3447 406 3486 corr.
424 3447 458 3486 ex
475 3431 606 3499 vABm.
627 3436 641 3485 1
661 3432 689 3486 b.
746 3427 922 3484 Pos'BFb.
977 3434 1002 3483 3.
1022 3425 1111 3501 ἔστιν]

86 3516 140 3552 0112
170 3504 196 3558 V.
254 3503 306 3574 ιγ’]
326 3519 395 3559 cort,
417 3519 452 3557 ex
469 3502 520 3572 τῆς
538 3519 575 3557 m.
596 3507 611 3556 1
631 3500 662 3557 P.
718 3497 793 3557 ἔστιν
813 3500 843 3554 Β.
908 3505 934 3556 4.
953 3501 988 3570 Ζ]
1006 3517 1022 3555 0
1041 3517 1111 3556 corr.
