2378 3832
479 146 667 200 Arenunrx.
1017 144 1080 208 387

68 287 194 351 mediae
218 287 422 372 longitudine
444 289 789 354 incommensurabiles
820 294 907 374 sunt,
935 291 1083 374 potentia

68 397 179 459 autem
202 397 332 458 tantum
356 396 674 479 commensurabiles,
698 399 731 460 et
753 419 865 461 rursus
885 397 1010 461 mediae
1028 419 1083 461 uo·

67 505 199 584 cantur,
231 500 308 584 quia
335 501 461 566 mediae
489 502 795 567 commensurabiles
824 507 901 566 sunt
927 504 1084 586 potentia,

67 609 103 670 et
125 606 213 670 inter
241 626 276 670 se
304 609 624 692 commensurabiles,
656 613 816 694 quatenus
844 608 969 673 mediae
998 614 1084 693 sunt,

67 713 377 777 commensurabiles
411 718 520 779 autem
552 716 640 779 inter
667 738 701 780 se
730 720 787 780 aut
813 714 1017 800 longitudine
1050 719 1083 779 et

66 819 220 903 potentia
244 823 300 884 aut
322 821 470 904 potentia
493 824 629 886 tanturn.
668 826 701 886 et
725 822 754 886 si
776 821 980 906 longitudine
999 843 1083 886 com-

67 926 307 990 mensurabiles
330 930 420 1009 sunt,
447 930 480 990 et
507 927 598 1012 ipsae
626 928 750 992 mediae
773 928 975 1012 longitudine
999 950 1083 993 com-

67 1033 305 1097 mensurabiles
337 1037 508 1116 uocantur‚
545 1055 616 1098 cum
653 1056 711 1118 per
749 1056 783 1099 se
821 1038 987 1118 sequatur,
1028 1057 1082 1099 eas

67 1138 219 1221 potentia
247 1161 375 1225 quoque
404 1141 713 1205 commensurabiles
742 1163 826 1225 esse3
858 1142 909 1206 sin
935 1142 1084 1224 potentia

68 1247 200 1308 tantum
237 1246 542 1312 commensurabiles
581 1251 673 1331 sunt,
711 1248 758 1313 sio
796 1268 921 1333 quoque
959 1247 1083 1311 mediae

68 1354 230 1416 uocantur
251 1355 399 1436 potentia
421 1358 549 1420 tantum
573 1355 889 1420 commensurabiles.

140 1455 263 1522 Medias
288 1463 396 1523 autem
424 1461 735 1525 commensurabiles
764 1482 846 1545 esse,
880 1460 926 1524 sic
954 1459 1084 1523 demon-

70 1562 255 1628 strandum:
288 1565 442 1650 quoniam
466 1567 590 1631 mediae
615 1566 713 1631 alicui
737 1565 860 1630 mediae
884 1550 1084 1631 commensu-

69 1669 191 1734 rabiles
221 1675 310 1753 sunt,
347 1675 380 1735 et
412 1693 493 1755 quae
526 1672 630 1736 eidem
662 1672 969 1737 commensurabilia
998 1676 1082 1754 sunt,

68 1776 157 1839 inter
189 1798 223 1840 se
256 1796 384 1862 quoque
416 1778 721 1842 commensurabilia
754 1782 830 1842 sunt
863 1779 968 1861 [prop.
995 1775 1084 1860 Xll],

70 1881 198 1947 mediae
223 1887 299 1947 sunt
323 1884 639 1948 commensurabiles.

385 2183 435 2246 Ad
458 2184 531 2248 libr.
555 2079 597 2247 ll)
609 2207 699 2268 prop.
722 2186 774 2249 27.

500 2288 660 2354 Lemma.

140 2411 236 2476 Datis
268 2410 391 2476 duobus
424 2413 567 2477 numeris
597 2413 632 2476 in
661 2414 775 2496 quauis
806 2416 932 2479 ratione
960 2419 993 2478 et
1020 2415 1084 2479 alio
1138 2497 1140 2501 ¹

69 2519 214 2604 quodam
238 2540 372 2583 numero
398 2521 528 2601 oportet
553 2518 692 2603 efficere,
725 2525 762 2584 ut
790 2521 845 2604 sit,
873 2525 909 2584 ut
930 2543 1084 2584 numerus
1148 2584 1159 2609 ‚

71 2625 114 2690 ad
137 2645 319 2707 numerum,
342 2625 389 2687 ita
411 2624 464 2688 hic
488 2624 528 2688 ad
551 2625 651 2689 alium
676 2625 844 2709 quendam.

142 2729 215 2796 Sint
233 2735 310 2813 AB,
329 2732 391 2794 ΓΛ
414 2729 540 2794 numeri
564 2730 633 2795 dati
656 2730 814 2794 rationem
835 2730 981 2813 quamuis
1000 2729 1085 2794 inter

71 2859 107 2901 se
131 2837 297 2919 habentes,
321 2837 405 2900 alius
430 2840 538 2900 autem
558 2836 676 2922 aliquis
695 2838 766 2899 ΓΕ.
801 2837 931 2917 oportet
949 2834 1085 2920 efficere,

446 2943 530 3026 quod
554 2943 758 3026 propositum
782 2945 841 3005 est.

84 2997 384 3189 ΖΓ-1
514 3049 712 3113 describatur
723 3048 808 3110 enim
820 3047 1084 3131 parallelogram-

385 3156 407 3204 Β
446 3177 535 3219 mum
549 3154 772 3238 rectangulum
782 3155 1012 3220 AE=AF><
1020 3156 1085 3236 ΓΕ,

83 3163 107 3208 A

81 3283 110 3333 Γ
333 3283 358 3330 Δ
448 3265 480 3324 et
508 3261 613 3344 spatio
638 3265 707 3323 ΛΕ
732 3259 867 3344 aequale
889 3263 995 3323 rectae
1019 3263 1084 3322 AB

83 3460 107 3510 E
449 3366 627 3448 adplicetur
655 3367 999 3451 parallelogrammum
1022 3369 1085 3428 BZ

447 3471 657 3538 latitudinem
697 3472 846 3538 elisoiens
867 3458 966 3600 ‘Alp
1021 3471 1098 3528 kam

897 3578 940 3624 as
