2378 3832
99 145 164 210 308
486 139 733 197 Σνοααιααι,

98 288 160 374 τήν
184 285 275 353 ΝΜ·
317 281 362 364 ὡς
391 283 428 352 δὲ
454 281 492 351 τό
516 289 587 351 ΝΛ
610 281 694 368 πρὸς
715 282 754 352 τὸ
778 290 863 370 ΚΛ,
893 284 1000 364 οὕτως
1024 282 1114 351 ἐστὶν

98 389 120 479 ή
144 398 225 459 ΝΜ
250 388 334 476 πρὸς
360 393 423 476 τήν
451 396 541 457 ΚΜ·
582 388 620 458 τὸ
651 387 716 475 άρα
743 386 809 457 ὑπὸ
838 394 907 459 τῶν
935 396 1014 477 ΓΚ,
1038 396 1119 457 ΚΜ

100 506 176 567 ἴσον
195 497 264 564 ἐστὶ
282 507 328 589 τῷ
348 494 414 565 άπὸ
432 499 491 582 τής
504 502 594 582 ΝΜ,
617 496 767 564 τουτέστι
791 500 835 589 τῷ
859 497 1003 588 τετάρτῳ
1024 497 1116 583 μέρει

98 614 160 672 τοῦ
186 601 251 671 άπὸ
280 606 338 689 τής
366 609 447 670 ΖΜ.
492 602 548 669 καὶ
576 602 646 670 ἐπεὶ
673 600 864 689 σύμμετρόν
893 605 963 672 ἐστι
984 606 1024 671 τὸ
1049 599 1113 670 άπὸ

65 735 81 784 5
99 714 158 798 τῆς
176 716 252 777 ΑΗ
269 713 315 801 τῳ
335 707 400 776 άπὸ
419 712 478 794 τής
495 714 575 794 ΗΒ,
600 706 792 797 σύμμετρόν
811 710 907 793 [ἐστι]
926 709 983 776 καὶ
1001 706 1039 777 τὸ
1055 715 1116 777 ΓΘ

99 821 144 910 τῳ
169 823 247 884 ΚΛ.
293 812 338 893 ὡς
367 813 404 882 δὲ
431 811 468 881 τὸ
494 819 554 881 ΓΘ
581 813 665 899 πρὸς
691 812 729 883 τὸ
754 820 837 900 ΚΛ,
866 813 973 896 οὕτως
1000 812 1117 902 ήΤΚ

100 923 184 1012 πρὸς
205 921 267 1009 τήν
290 927 380 988 ΚΜ·
422 919 609 1007 σύμμετρος
631 920 697 1009 ἄρα
721 921 812 990 ἐστὶν
834 919 855 1008 ἡ
879 927 947 989 ΓΚ
966 925 1006 1010 τή
1030 927 1116 990 ΚΜ

100 1031 171 1099 ἐπεὶ
195 1021 258 1097 οὖν
282 1025 345 1095 δύο
370 1024 502 1094 εὐθεῖαι
525 1024 642 1095 άνισοί
662 1031 748 1095 εἰσιν
776 1031 813 1095 αἱ
833 1034 922 1113 ΓΜ,
946 1035 1034 1113 ΜΖ,
1061 1027 1117 1095 καὶ

101 1140 147 1229 τῷ
174 1133 317 1224 τετάρτῳ
346 1133 437 1219 μέρει
464 1137 526 1200 τοῦ
554 1129 618 1201 άπὸ
647 1138 705 1220 τής
733 1141 810 1202 ΖΜ
833 1142 910 1202 ἴσον
937 1132 1027 1222 παρά
1056 1131 1117 1221 τήν

49 1266 83 1315 10
101 1248 178 1311 ΓΜ
200 1240 447 1327 παραβέβληται
475 1241 628 1308 ἐλλεῖπον
655 1245 737 1308 εἴβει
763 1240 960 1331 τετραγώνῳ
988 1239 1027 1308 τὸ
1050 1239 1116 1308 ὑπὸ

101 1353 170 1417 τῶν
197 1353 278 1433 ΓΚ,
305 1353 397 1430 ΚΜ,
424 1351 484 1413 καί
508 1348 576 1413 ἐστι
604 1345 790 1434 σύμμετρος
818 1345 839 1433 ή
868 1353 935 1414 ΓΚ
960 1349 1000 1435 τῇ
1029 1352 1117 1430 ΚΜ,

102 1452 123 1540 ή
143 1452 208 1539 άρα
228 1458 304 1520 ΓΜ
321 1454 380 1537 τής
398 1458 469 1517 ΜΖ
488 1457 599 1537 μεῖζον
620 1450 763 1520 δύναται
780 1456 826 1544 τῷ
845 1450 910 1520 άπὸ
926 1453 1117 1540 συμμέτρου

104 1560 203 1647 ἑαντή
218 1556 323 1644 μήκει.
359 1561 418 1624 καί
433 1557 523 1624 ἐστιν
541 1555 562 1643 ή
582 1563 659 1625 ΓΜ
677 1558 863 1646 σύμμετρος
881 1563 920 1647 τῇ
946 1560 1116 1648 ἐκκειμένῳ

104 1669 186 1754 ῥητή
209 1667 249 1752 τή
272 1669 335 1731 ΓΛ
357 1661 466 1750 μήκει·
490 1661 511 1749 ή
534 1662 601 1752 άρα
624 1671 685 1732 ΓΖ
708 1663 859 1752 ἀποτομή
883 1666 952 1733 ἐστι
975 1663 1100 1752 πρώτη.

52 1796 84 1844 15
173 1774 218 1839 Τὸ
237 1768 303 1856 άρα
322 1766 386 1837 άπὸ
406 1767 575 1857 ἀποτομῆς
592 1770 682 1859 παρὰ
697 1773 801 1858 ῥητήν
815 1772 1117 1860 παραβαλλόμενον

102 1878 224 1957 πλάτος
247 1889 338 1943 ποιεῖ
358 1873 533 1963 άποτομήν
555 1876 705 1964 πρώτην·
738 1875 818 1960 ὅπερ
842 1883 910 1946 ἔδει
936 1880 1051 1958 όεῑξαι.

577 2088 640 2174 λη’.

173 2214 223 2279 Τὸ
247 2211 322 2280 άπὸ
345 2211 465 2298 μέσης
482 2209 683 2300 ἀποτομῆς
700 2213 855 2300 πραότης
873 2211 975 2299 παρὰ
995 2215 1117 2300 ῥητήν

102 2316 462 2406 παραβαλλόμενον
489 2316 637 2397 πλάτος
664 2333 773 2387 ποιεῖ
798 2316 1005 2406 άποτομήν
1029 2323 1119 2387 δευ-

50 2449 84 2498 20
103 2423 231 2510 τέραν.

159 2529 269 2598 Ἔστω
289 2530 391 2617 μέσης
408 2527 558 2616 άποτομή
578 2530 691 2616 πράτη
710 2527 819 2616 ήΑΒ,
845 2532 927 2617 ῥητή
948 2530 985 2598 δὲ
1003 2529 1024 2617 ή
1045 2538 1119 2612 ΓΔ,

102 2639 157 2706 καὶ
176 2641 221 2729 τῳ
241 2634 307 2705 άπὸ
326 2640 384 2724 τής
398 2644 465 2704 ΑΒ
485 2645 562 2704 ἴσον
579 2634 667 2722 παρὰ
686 2638 749 2722 τήν
768 2642 831 2703 ΓΔ
848 2636 1119 2723 παραβεβλήσθω

102 2745 140 2811 τὸ
164 2749 228 2811 ΓΕ
249 2746 372 2822 πλάτος
394 2745 515 2810 ποιοῦν
535 2741 597 2828 τήν
616 2747 689 2808 ΓΖ·
712 2743 808 2827 λέγω,
833 2740 884 2808 ότι
907 2739 928 2829 ή
952 2750 1014 2811 ΓΖ
1038 2741 1120 2812 άπο-

102 2849 187 2936 τομή
212 2851 281 2917 ἐστι
305 2851 451 2934 δευτέρα.

51 2978 85 3028 25
161 2953 269 3021 Ἔστω
293 2957 358 3040 γὰρ
381 2958 420 3042 τή
445 2961 509 3021 ΑΒ
533 2952 812 3041 προσαρμόζουσα
834 2952 855 3040 ή
880 2962 959 3022 ΒΗ·
993 2959 1031 3022 αἱ
1052 2957 1119 3043 άρα

104 3067 190 3143 ΑΗ,
213 3066 281 3125 ΗΒ
305 3060 401 3146 μέσαι
425 3060 489 3127 εἰσὶ
513 3059 654 3146 δυνάμει
677 3059 785 3146 μόνον
808 3060 991 3148 σύμμετροι
1015 3063 1120 3149 ῥητὸν

103 3167 323 3253 περιέχουσαι.
359 3167 414 3233 καὶ
437 3170 482 3257 τῷ
507 3165 568 3252 μὲν
592 3162 657 3233 άπὸ
680 3169 739 3250 τής
755 3156 828 3233 ἈΗ
851 3174 927 3235 ἴσον
947 3169 1036 3254 παρὰ
1055 3168 1119 3255 τήν

136 3487 143 3500 ¹
176 3421 200 3471 1.
220 3409 258 3478 ὡς
272 3413 304 3469 δέ
315 3446 348 3454 -
359 3419 383 3468 2.
398 3414 476 3505 ΚΜ]
496 3430 550 3503 ⁰¹¹3·
565 3413 595 3481 F,
614 3414 733 3500 uid'ebur¹
744 3411 831 3468 fuisse
850 3413 880 3467 in
895 3431 951 3484 mg.
1009 3423 1036 3503 2,
1051 3417 1119 3471 Post

65 3562 78 3607 k
87 3504 175 3558 μιταα
182 3491 256 3544 ΚΜ
264 3486 330 3546 add.
342 3485 391 3544 καὶ
402 3507 440 3554 ας
450 3506 509 3559 αρα
522 3507 540 3558 η
553 3488 609 3541 ΓΚ
622 3505 694 3556 ποῦς
707 3504 757 3552 την
773 3486 839 3537 ΝΜ
850 3487 931 3553 (ΜΝ
939 3485 983 3555 Κ),
999 3483 1117 3556 θυτωλῆ
