2378 3832
108 156 174 220 194
495 155 697 209 ΣΤΟΙΧΕΙΩΝ
716 150 743 210 ι’.

107 295 128 385 ἡ
152 303 237 365 ΔΜ
253 299 313 383 τῆς
330 303 425 378 ΜΗ,
448 295 505 364 καὶ
529 292 580 364 ὅτι
602 294 640 364 τὸ
663 292 729 364 ὑπὸ
748 300 872 363 ΔΚΜ
888 303 965 363 ἴσον
988 294 1059 363 ἐστὶ
1082 299 1128 387 τῷ

107 400 174 472 άπὸ
198 407 257 489 τῆς
279 409 366 472 ΜΝ.
408 402 480 470 ἐπεὶ
503 394 566 470 οὖν
589 399 804 491 ἀσύμμετρόν
828 403 896 470 ἐστι
918 403 956 469 τὸ
980 399 1047 470 άπὸ
1071 405 1132 489 τῆς

107 514 177 577 ΑΓ
199 512 244 601 τῷ
274 505 339 577 άπὸ
366 512 424 594 τῆς
452 514 528 594 ΓΒ,
556 505 767 594 ἀσύμμετρον
799 506 866 594 άρα
896 506 965 577 ἐστὶ
996 508 1055 576 καὶ
1087 508 1123 578 τί

108 622 175 683 ΔΘ
202 618 247 707 τῷ
274 621 358 682 ΚΛ·
400 611 484 682 ὥστε
512 612 720 702 ἀσύμμετρος
746 613 802 681 καὶ
831 609 852 700 ἡ
880 619 953 681 ΔΚ
978 616 1020 702 τῇ
1048 621 1132 682 ΚΜ

70 744 88 794 ε
108 723 206 790 ἐστιν.
249 718 308 789 ἐάν
332 719 370 788 δὲ
396 711 459 789 οόσι
483 718 546 788 δύο
571 715 703 787 εὐθεῖαι
722 716 851 806 άνισοι,
869 730 915 812 τῷ
930 719 1128 813 ὃέτετάρτιμ

108 829 201 917 μέρει
223 831 285 895 τοῦ
308 822 373 893 ἀπὸ
397 829 456 912 τῆς
479 824 662 906 ἐλάσσονος
684 832 760 893 ἴσον
774 824 1127 919 ,παραλληλόγραμμον

107 932 198 1023 παρὰ
224 933 286 1019 τὴν
313 936 447 1018 μείζονα
479 934 680 1021 παραβληθῇ
718 932 870 1000 ἐλλεῖπον
902 935 988 1000 εἴδει
1016 956 1123 1020 τετρα-

108 1041 207 1128 νοόνῳ
239 1037 296 1105 καὶ
326 1040 375 1118 εἰς
397 1034 589 1126 ἀσύμμετρα
612 1035 719 1124 αὐτὴν
743 1041 868 1127 διαιρῇ,
890 1035 912 1125 ἡ
931 1043 1051 1124 μείζων
1068 1041 1129 1127 τῆς

108 1143 290 1224 ἐλάσσονος
310 1150 421 1231 μεῖζον
446 1144 625 1231 δυνήσεται
644 1148 689 1235 τῷ
709 1141 773 1212 άπὸ
792 1142 1008 1232 άσυμμέτρου
1026 1145 1130 1237 ἑαυτῇ

57 1273 90 1322 10
109 1248 221 1338 μήκει·
262 1247 282 1336 ἡ
313 1257 393 1317 ΔΜ
413 1248 479 1335 άρα
501 1260 560 1336 τῆς
582 1256 666 1318 ΜΗ
683 1256 795 1337 μεῖζον
819 1249 962 1318 δύναται
986 1253 1033 1342 τῷ
1063 1250 1130 1322 άπὸ

107 1353 320 1443 ἀσυμμέτρου
344 1356 453 1444 ἑαυτῇ.
493 1361 553 1423 καί
573 1360 658 1424 εἰσιν
677 1359 715 1423 αἱ
732 1363 826 1442 ΔΜ,
845 1360 929 1424 ΜΗ
947 1357 1048 1443 ῥηταὶ
1072 1362 1129 1426 δυ-

106 1458 205 1547 νάμει
238 1461 345 1548 μόνον
379 1459 576 1547 σύμμετροι,
602 1460 659 1528 καὶ
687 1457 708 1547 ἡ
738 1467 822 1528 ΔΜ
843 1460 1032 1552 σύμμετρός
1056 1466 1125 1533 ἐστι

106 1578 146 1657 τῇ
176 1567 345 1656 ἐκκειμένῃ
369 1569 452 1656 ῥητῇ
476 1571 515 1654 τῇ
540 1574 616 1635 ΔΕ.

169 1670 211 1742 Ἡ
234 1679 311 1741 ΔΗ
332 1671 399 1762 άρα
427 1671 549 1741 ἐκδύο
575 1669 751 1759 ὀνομάτων
775 1673 844 1741 ἐστὶ
866 1673 1020 1764 τετάρτη·
1046 1673 1130 1767 ὅπερ

54 1803 88 1852 15
108 1784 175 1848 ἔδει
199 1781 313 1862 δεῖξαι.

587 1919 644 2000 eff.

178 2041 228 2110 Τὸ
252 2041 327 2111 άπο
351 2047 418 2129 τῆς
440 2041 561 2130 ῥητὸν
583 2043 649 2110 καὶ
672 2045 793 2129 μέσον
812 2045 1041 2132 δυναμένης
1056 2071 1128 2114 πα-

108 2147 155 2236 ρὰ
179 2149 301 2234 ῥητὴν
319 2147 679 2235 παραβαλλόμενον
701 2148 847 2230 πλάτος
864 2163 976 2218 ποιεῖ
990 2177 1064 2239 την
1086 2154 1129 2222 ἐκ

108 2251 182 2320 δύο
207 2250 415 2339 ὀνομάτων
436 2256 623 2341 πέμπτην.

55 2382 90 2432 20
166 2356 276 2425 Ἔστω
300 2360 403 2445 ῥητὸν
424 2359 481 2426 καὶ
499 2361 603 2446 μέσον
625 2362 795 2448 δυναμένη
813 2359 834 2448 ἡ
854 2370 918 2431 AB
939 2366 1132 2454 ὀιηρημένη

107 2469 155 2545 εἰς
181 2463 241 2544 τὰς
268 2461 403 2543 εὐθείας
429 2467 512 2532 κατὰ
540 2464 577 2534 τὸ
607 2471 650 2554 Γ,
678 2466 762 2536 ὥστε
789 2473 935 2558 μείζονα,
949 2467 1042 2539 εἶναι
1065 2476 1132 2560 τὴν

106 2579 185 2659 ΑΓ,
212 2571 269 2639 καὶ
298 2573 460 2639 ἐκκείσθω
484 2571 567 2659 ῥητὴ
590 2569 611 2658 ἡ
635 2580 716 2660 ΔΕ,
741 2573 864 2665 καὶτῷ
888 2573 953 2643 ἀπὸ
976 2580 1038 2662 τῆς
1062 2586 1133 2646 AB

108 2685 185 2746 ἴσον
217 2675 307 2764 παρά
339 2675 401 2762 τὴν
435 2682 507 2744 ΔΕ
535 2678 805 2766 παραβεβλήσθω
837 2683 875 2748 τὸ
906 2688 973 2748 ΔΖ
1001 2685 1132 2764 πλάτος

107 2786 229 2851 ποιοῦν
252 2783 314 2869 τὴν
338 2789 423 2850 AH·
454 2783 555 2870 λέγω,
580 2781 630 2852 ὅτι
653 2781 674 2870 ἡ
699 2792 777 2853 ΔΗ
795 2787 831 2853 ἐκ
854 2785 917 2854 δύο
946 2785 1131 2875 ὀνομάτων

52 2910 88 2961 25
107 2887 176 2955 ἐστὶ
198 2888 336 2974 πέμπτη.

180 3065 415 3138 1.τι”ης]τῇἩ
468 3069 538 3121 ΜΝ
552 3067 614 3125 BV.
669 3064 726 3122 ὑπὸ
746 3068 801 3122 τῶν
820 3068 854 3124 V.
910 3071 1019 3142 ΔΚΜ]
1041 3089 1128 3143 supra

106 3133 171 3190 add.
192 3140 220 3189 Κ
236 3135 269 3190 V.
351 3143 376 3192 3.
400 3132 450 3209 τό]
474 3153 543 3193 corr.
563 3155 597 3193 ex
614 3135 668 3194 τάλ
687 3139 717 3194 F.
800 3145 825 3193 4.
851 3135 1045 3267 άσάμμετροςᾙ]
1071 3160 1122 3198 om.

106 3205 205 3261 Theon
230 3206 376 3277 (BFVb).
458 3212 525 3262 ΚΜ
547 3205 726 3279 ἀσύμμετρός
750 3206 826 3265 ἐστιν
850 3209 947 3266 Theon
975 3212 1014 3278 (Β
1050 3214 1123 3284 Vb).

143 3281 167 3331 ὀ.
187 3268 255 3332 οἶσιν
276 3277 335 3334 ΒΚ.
391 3284 415 3335 6.
435 3277 503 3334 Post
522 3280 581 3334 ἴσον
601 3280 654 3334 del.
674 3275 752 3348 παρὰ
765 3276 818 3349 τὴν
832 3283 947 3350 μείζονα
965 3281 995 3339 F.
1053 3305 1124 3352 παρ-

104 3346 357 3421 αλληλόγραμμον]
377 3366 429 3404 om.
449 3348 483 3404 V.
556 3357 581 3408 λ.
600 3348 677 3419 παρὰ
696 3348 748 3417 τὴν
767 3353 898 3423 μείζονα]
924 3368 978 3408 om.
998 3354 1059 3423 Pb,
1086 3373 1123 3412 m.

105 3419 173 3475 λΒ.
246 3427 271 3477 8.
295 3422 406 3489 διαιρεῖ
423 3421 458 3488 F,
482 3422 592 3491 διαιρεῖ
606 3419 690 3493 μήκει
711 3420 745 3477 V.
824 3429 863 3477 10.
890 3423 969 3494 ΔΜ]
994 3442 1065 3480 corr.
1089 3441 1124 3480 ox

98 3494 170 3547 ΔΗ
181 3492 212 3548 F.
279 3497 320 3551 11.
341 3489 501 3565 συμμέτρου
519 3491 549 3549 F.
615 3499 658 3548 13.
678 3493 836 3562 AEloorr.
856 3510 890 3549 ex
908 3498 970 3548 ΔΗ
985 3495 1016 3551 F.
1079 3502 1122 3550 14.
