2378 3832
123 163 187 228 124
507 164 709 217 ΣΤοιΧεΙοα
728 158 756 217 ι’.

179 303 287 372 Ἔστω
312 306 348 373 ἐκ
371 303 434 373 δύο
458 305 570 391 μέσων
592 306 704 390 πρω’τη
724 301 744 391 ή
765 311 830 373 ΑΒ
850 303 1034 392 διῃρημένη
1054 303 1138 371 κατὰ

121 407 159 478 τὸ
182 417 226 495 Γ,
249 407 332 478 ὥστε
355 409 414 490 τὰς
436 416 516 497 ΑΓ,
540 416 601 478 ΓΒ
625 412 726 498 μέσας
753 407 840 478 εἶναι
864 409 1007 497 δυνύμει
1030 409 1140 497 μόνον

123 518 329 603 συμμέτρους
356 516 460 604 ῥητὸν
483 516 711 605 περιεχούσας·
741 517 837 604 λέγω,
861 517 912 585 ὅτι
935 513 956 603 ἡ
980 522 1046 583 ΑΒ
1069 513 1138 583 κατ’

122 621 204 690 ἄλλο
228 635 369 708 σημεῖον
393 621 433 691 ού
457 628 643 711 διαιρεῖται.

87 757 103 806 5
189 732 235 796 El
255 726 320 816 γὰρ
345 728 508 815 δυνατόν,
532 727 709 817 διῃρήσθω
732 728 788 796 καὶ
811 727 894 796 κατὰ
917 725 955 796 τὸ
981 736 1029 814 Δ,
1055 726 1138 798 ὥστε

121 835 178 903 καὶ
201 834 260 914 τὰς
282 843 314 903 Α
321 843 365 920 Δ,
390 842 456 902 ΔΒ
480 835 580 921 μέσας
608 831 695 903 εἶναι
718 833 861 922 δυνάμει
884 831 991 922 μόνον
1015 837 1135 923 συμμέ

122 968 222 1030 τρους
245 940 348 1029 ῥητὸν
371 940 597 1029 περιεχούσας.
629 941 699 1010 ἐπεὶ
719 933 790 1028 οὖν,
809 933 835 1034 ᾦ
857 943 1009 1030 διαφέρει
1028 939 1068 1010 τὸ
1087 941 1138 1022 δὶς

123 1045 188 1116 ὑπὸ
211 1053 280 1117 τοῖν
302 1055 384 1133 ΑΔ,
408 1056 474 1116 ΑΒ
497 1051 559 1116 τού
583 1048 636 1128 δὶς
658 1046 723 1117 ὑπὸ
747 1054 815 1119 τῶν
835 1054 911 1135 ΑΓ,
934 1053 1007 1132 ΓΒ,
1030 1047 1137 1139 τούτῳ

124 1155 277 1240 διαφέρει
299 1152 339 1221 τὰ
363 1151 429 1221 ἀπὸ
448 1158 517 1222 τῶν
533 1161 609 1238 ΑΓ,
629 1160 690 1222 ΓΒ
708 1159 777 1224 τοῖν
801 1151 866 1223 ἀπὸ
889 1157 957 1222 τῶν
972 1161 1049 1240 ΑΔ,
1065 1159 1138 1239 ΔΒ,

72 1287 106 1336 10
125 1261 213 1351 ῥητῷ
242 1259 280 1327 δέ
309 1262 461 1347 διαφέρει
486 1259 524 1327 τδ
549 1261 600 1340 δὶς
623 1257 689 1328 ὑπὸ
712 1262 781 1328 τῶν
803 1268 889 1347 ΑΔ,’
912 1266 979 1327 ΔΒ
1001 1263 1064 1328 τοῦ
1088 1260 1141 1339 δὶς

124 1361 190 1432 ὑπὸ
217 1368 285 1433 τῶν
308 1371 382 1451 ΑΓ,
410 1370 485 1432 ΓΒ·
523 1364 606 1451 ῥητὰ
634 1364 699 1453 γὰρ
733 1364 919 1454 ἀμφότερα·
956 1368 1046 1459 ῥητῷ
1074 1363 1141 1455 ἄρα

125 1472 278 1557 διαφέρει
301 1470 356 1538 ιιαδ
379 1469 419 1538 τὰ
444 1467 509 1539 ἀπὸ
533 1475 601 1538 τῶν
618 1477 695 1557 ΑΓ,
714 1477 775 1539 ΓΒ
793 1475 863 1539 τῶν
881 1469 946 1539 ἀπὸ
969 1476 1040 1541 τοῖν
1057 1481 1141 1559 ΑΔ,

126 1584 192 1644 ΔΒ
215 1577 299 1663 μέσα
323 1575 417 1645 ὄντα·
441 1575 521 1665 ὅπερ
545 1578 680 1645 ἄτοπον.

193 1681 265 1752 Ούιι
293 1682 358 1771 ἄρα
385 1681 406 1770 ἡ
435 1686 471 1752 ἐκ
498 1684 561 1753 δύο
591 1685 702 1769 μέσων
729 1683 841 1771 προέτη
869 1681 936 1752 κατ’
967 1683 1051 1752 ἄλλο
1085 1684 1142 1752 καὶ

74 1817 106 1866 15
125 1787 207 1858 ἄλλο
231 1802 369 1876 σημεῖον
393 1793 569 1877 διαιρεῖται
593 1793 641 1868 εἰς
663 1791 702 1858 τὰ
728 1788 888 1877 ὀνόματα·
911 1789 986 1858 καθ’
1012 1793 1050 1860 ἓν
1075 1789 1141 1879 ἄρα

125 1894 247 1982 μόνον·
272 1893 352 1983 ὅπερ
376 1900 444 1964 ἔδει
468 1898 582 1978 δεῖξαι.

601 2073 664 2160 μδ’.

190 2193 230 2262 Ἡ
253 2199 292 2264 ἐκ
315 2195 386 2265 δύο
411 2198 541 2284 μέσων
565 2201 730 2287 δευτέρα
752 2197 836 2268 καθ’
862 2203 905 2267 ἓν
930 2198 1055 2285 μόνον
1080 2221 1145 2288 ση-

128 2314 240 2389 μεῖον
263 2306 487 2391 διαιρεῖται.
929 2360 934 2370 .

74 2434 109 2484 20
185 2406 294 2476 Ἔστω
313 2410 349 2476 έκ
368 2408 431 2477 δύο
451 2411 561 2496 μέσων
581 2412 720 2499 δευτέρα
738 2409 758 2498 ή
773 2420 839 2480 AB
854 2415 1038 2501 διηρημένη
1057 2413 1146 2482 κατὰ

127 2513 165 2584 τὸ
189 2521 227 2602 Γ,
251 2513 335 2584 ὥστε
357 2514 416 2594 τὰς
439 2521 513 2601 ΑΓ,
537 2522 598 2583 ΓΒ
624 2517 725 2603 μέσας
748 2516 835 2587 εἶναι
863 2517 1006 2605 δυνάμει
1033 2519 1147 2606 μόνον

72 2681 74 2685 .
128 2622 337 2709 συμμέτρους
360 2621 462 2706 μέσον
485 2621 712 2709 περιεχούσας·
737 2622 887 2712 φανερὸν
911 2624 963 2710 δή,
987 2621 1096 2691 ὅτιτὸ
1116 2631 1153 2692 Γ

129 2725 191 2796 οὐκ
214 2732 283 2794 ἔστι
305 2731 387 2794 κατὰ
411 2730 469 2813 τής
487 2732 686 2816 διχοτομίας,
710 2727 762 2798 ὅτι
781 2727 842 2799 ούιι
861 2731 925 2798 εἰσὶ
944 2729 1041 2816 μήκει
1059 2731 1147 2818 σύμ-

129 2858 251 2920 μετροι.
279 2832 379 2918 λέγω,
408 2829 460 2900 ὅτι
482 2830 503 2920 ή
527 2842 592 2901 ΑΒ
615 2833 682 2903 κατ’
708 2834 790 2903 ἄλλο
819 2849 958 2924 σημεῖον
987 2834 1028 2904 ού
1057 2840 1148 2905 διαι-

75 2964 109 3014 25
128 2950 243 3024 ρεῖται.

195 3048 240 3112 Εἰ
261 3041 326 3130 γὰρ
350 3047 512 3132 δυνατόν,
541 3048 716 3135 διῃρήσθω
744 3048 800 3115 καὶ
827 3047 970 3119 κατὰτὸ
994 3058 1038 3136 Δ,
1059 3049 1149 3120 ὥστε

204 3228 227 3275 1.
247 3218 265 3290 ή
284 3222 346 3293 ΑΒ]
366 3238 450 3292 supra
469 3224 565 3292 ser.F‚
585 3239 654 3278 corr.
674 3239 708 3279 ex
726 3222 743 3293 ἡ
762 3230 815 3281 ΑΔ
833 3246 869 3283 m.
884 3245 939 3284 rec.
953 3227 984 3284 P.
1050 3233 1078 3283 4.
1097 3225 1149 3300 ού]

131 3311 185 3348 om.
204 3291 232 3347 b.
287 3291 541 3363 5.uat]0m.1‹'b.
597 3300 621 3349 9.
640 3291 772 3350 τῶνύπό
803 3298 903 3355 intas.
922 3316 959 3354 m.
979 3303 994 3352 1
1014 3299 1044 3355 P.
1103 3305 1149 3356 10.

131 3365 203 3436 ΔΒ]
227 3378 386 3434 suprascr.
410 3369 482 3419 m.1
506 3364 536 3419 F.
611 3372 652 3421 13.
676 3366 745 3422 Post
768 3390 837 3425 οντα
859 3370 921 3426 add.
945 3367 1032 3440 μέσον
1079 3367 1149 3425 έσοο

130 3430 265 3504 ὑπερέχει
272 3430 353 3576 χητῷ
368 3453 398 3504 φ.
461 3440 503 3490 16.
523 3431 594 3505 ὅπερ
609 3435 669 3491 ἔδει
682 3438 786 3513 δεῖξαι]
806 3458 895 3511 comp.
909 3440 941 3512 P,
960 3458 1015 3498 om.
1028 3389 1148 3497 Bffvvb.

152 3510 197 3559 17,
219 3502 280 3574 ,ιδ’
315 3508 387 3563 mut.
411 3505 440 3563 in
466 3503 514 3580 με’
538 3508 571 3565 F.
653 3513 697 3564 19.
722 3510 873 3583 διαιρεῖται
894 3508 936 3574 εύς
955 3507 991 3565 τὰ
1013 3507 1149 3582 ὀνόματα
