2378 3832
108 156 150 223 76
492 159 694 212 ΣΤΟΙΧΕΙΩΝ
712 155 739 213 τ’.

106 300 163 367 καὶ
190 297 403 389 ἀσύμμετρος
424 305 464 389 τῇ
488 307 551 368 ΕΖ
573 299 683 388 μήκει·
715 296 923 389 ἀσύμμετρος
946 298 1012 386 άροι
1035 299 1126 367 ἐστὶν

107 402 129 493 ἡ
152 412 226 474 ΕΗ
243 409 283 494 τῇ
315 412 384 474 ΗΘ
412 407 517 494 μήκει.
562 412 622 474 καί
643 409 733 474 ἐστιν
757 403 802 486 ὡς
824 403 845 492 ἡ
869 413 943 474 ΕΗ
960 407 1043 492 πρὸς
1064 404 1126 492 τὴν

107 518 190 596 ΗΘ,
221 510 327 592 οὕτως
354 512 392 581 τὸ
417 511 483 582 άπὸ
511 517 570 600 τῆς
593 520 666 582 ΕΗ
689 510 774 598 πρὸς
800 514 839 581 τὸ
866 510 931 580 ὑπὸ
954 515 1024 580 τῶν
1046 517 1127 598 ΕΗ,

107 624 147 685 Η
148 624 189 685 Θ·
219 615 432 708 ἀσύμμετρον
464 618 530 707 άροι
558 619 627 687 ἐστὶ
655 617 694 686 τὸ
722 617 786 687 άττδ
814 622 872 706 τῆς
894 624 968 685 ΕΗ
990 621 1036 708 τῷ
1059 615 1126 686 ὑπὸ

74 728 178 794 στάν
204 731 284 811 ΕΗ,
307 732 385 794 ΗΘ.
429 723 513 794 ἄλλά
537 737 583 818 τῷ
607 725 669 813 μὲν
692 722 759 793 άττό
782 728 842 812 τῆς
861 731 934 792 ΕΗ
956 722 1127 812 σύμμετρά

109 831 240 899 ἐστιτὰ
265 827 331 899 άττὸ
355 835 423 899 τῶν
447 838 527 917 ΕΗ,
548 838 617 899 ΗΘ
639 831 844 919 τετράγωνοι·
872 829 955 917 ῥητὰ
978 831 1043 918 γάρ
1067 829 1128 917 άμ-

109 937 246 1024 φότερα·
273 941 320 1029 τῷ
345 937 383 1005 δὲ
405 934 472 1006 ὑπὸ
495 942 564 1006 τῶν
587 945 667 1024 ΕΗ,
691 945 760 1005 ΗΘ
782 935 973 1025 σύμμετρόν
996 939 1067 1005 ἐστι
1090 934 1127 1029 τδ

110 1043 161 1122 δὶς
188 1041 254 1110 ὑπὸ
279 1047 349 1111 τῶν
373 1050 454 1130 ΕΗ,
478 1050 559 1111 ΗΘ·
589 1044 768 1113 διπλάσιον
795 1044 861 1132 γάρ
890 1047 981 1112 ἐστιν
1009 1039 1128 1111 αὐτοῦ·

109 1147 302 1236 ἀσύμμετρα
325 1146 391 1236 άροι
414 1150 483 1216 ἐστὶ
505 1148 545 1217 τά
565 1147 630 1218 άτδ
652 1153 720 1218 τῶν
738 1156 818 1236 ΕΗ,
837 1156 905 1218 ΗΘ
922 1161 968 1240 τῷ
988 1146 1127 1230 δὶςάττδ

57 1280 90 1328 10
109 1258 178 1323 τῶν
200 1261 279 1339 ΕΗ,
303 1262 383 1323 ΗΘ
414 1256 470 1323 καὶ
499 1256 737 1343 συναμφότερα
760 1255 826 1344 άροι
849 1255 889 1323 τά
912 1282 947 1324 τε
970 1254 1036 1323 άπὸ
1059 1260 1130 1323 τῶν

110 1367 189 1446 ΕΗ,
208 1367 277 1428 ΗΘ
299 1360 355 1428 καὶ
377 1359 415 1429 τὸ
441 1362 493 1442 δὶς
515 1358 581 1430 ὑπὸ
605 1366 672 1430 τῶν
691 1369 771 1448 ΕΗ,
790 1369 869 1448 ΗΘ,
893 1360 973 1448 ὅπερ
996 1363 1067 1429 ἐστὶ
1090 1359 1129 1429 τὸ

110 1465 175 1534 άπὸ
199 1470 257 1554 τῆς
280 1474 354 1552 ΕΘ,
377 1464 592 1556 άσάμμετρόν
610 1470 679 1535 ἐστι
696 1482 767 1548 τοῖς
784 1466 850 1536 άπὸ
868 1472 936 1536 τῶν
955 1474 1035 1554 ΕΗ,
1056 1475 1130 1536 ΗΘ.

110 1570 193 1660 ῥητά
223 1574 261 1641 δὲ
288 1570 328 1641 τά
356 1571 424 1642 άτὸ
452 1578 521 1642 τάν
549 1581 629 1658 ΕΗ,
653 1580 733 1641 ΗΘ·
764 1572 889 1660 άλογον
912 1572 978 1659 άροι
1000 1571 1038 1642 τὸ
1061 1570 1130 1641 άπὸ

109 1684 168 1767 τῆς
195 1686 266 1748 ΕΘ,
304 1678 426 1766 ἄλογος
459 1677 524 1770 άροι
557 1680 648 1748 ἐστὶν
681 1677 701 1766 ἡ
729 1687 800 1748 ΕΘ.
839 1678 923 1748 ἀλλὰ
949 1680 1005 1748 καὶ
1032 1680 1131 1766 ῥητή·

58 1809 91 1857 15
111 1783 191 1874 ὅπερ
216 1788 307 1856 ἐστὶν
330 1785 509 1856 ἀδύνατον.

178 1895 297 1962 Μέσον
326 1892 393 1982 άροι
421 1895 525 1982 μέσου
554 1891 617 1980 οὐχ
644 1890 794 1981 ὑπερέχει
823 1894 924 1984 ῥητῷ·
955 1889 1035 1977 ὅπερ
1059 1895 1132 1959 ἔδει

111 2002 225 2080 δεῖξαι.

590 2102 645 2184 κζ’.

174 2226 311 2305 Μέσας
347 2225 481 2314 εὑρεῖν
515 2224 689 2312 δυνάμει
720 2226 846 2313 μόνον
880 2226 1133 2314 συμμέτρους

58 2357 93 2405 20
112 2333 233 2419 ῥητὸν
256 2329 529 2418 περιεχούσας.

175 2433 423 2504 Ἐιεκεέσθωσοιν
448 2435 511 2504 δύο
536 2436 633 2524 ῥηταὶ
657 2435 800 2524 δυνάμει
819 2436 926 2524 μόνον
945 2437 1132 2526 σύμμετροι

111 2545 149 2610 μέ
169 2552 211 2629 A,
231 2550 270 2629 Β,
293 2543 349 2611 καὶ
373 2541 526 2629 εἰλήφθω
547 2552 616 2610 τῶν
634 2551 676 2628 A,
696 2550 725 2610 B
749 2544 831 2630 μέση
850 2543 1022 2629 άνάλονον
1043 2540 1064 2629 ἡ
1091 2549 1131 2629 Γ,

110 2649 167 2716 καὶ
195 2650 359 2736 γεγονέτω
389 2645 434 2728 οδς
456 2645 477 2735 ἡ
502 2656 535 2715 A
557 2651 641 2732 πρὸς
663 2652 726 2736 τὴν
749 2656 793 2735 Β,
820 2647 927 2729 οὕτως
949 2646 970 2736 ἡ
994 2655 1027 2716 Γ
1043 2653 1132 2737 πρὸς

110 2757 173 2842 τὴν
196 2763 239 2822 Δ.
1060 2757 1064 2765 '

57 2887 92 2936 οε
178 2861 247 2928 Καὶ
267 2861 335 2928 ἐπεὶ
359 2863 398 2928 αἱ
418 2869 460 2947 Α,
480 2867 508 2927 Β
532 2862 633 2947 ῥηταί
659 2865 722 2929 εἰσι
749 2861 891 2949 δυνάμει
915 2862 1022 2948 μόνον
1045 2862 1130 2949 σύμ-

112 2994 235 3055 μετροι,
257 2969 295 3034 τδ
318 2963 384 3055 άρυ
406 2963 472 3035 ὑτιδ
491 2970 560 3035 τάν
578 2976 622 3052 A,
640 2974 680 3052 B,
703 2968 852 3035 τουτέστι
870 2971 907 3036 τὸ
927 2966 993 3036 άτιδ
1010 2971 1070 3054 τῆς
1089 2974 1129 3054 Γ,

113 3076 218 3163 μέσον
241 3075 341 3140 ἐστίν.
381 3072 465 3159 μέση
489 3071 556 3160 άροι
579 3070 600 3159 ἡ
624 3079 661 3141 Γ.
696 3075 752 3140 καὶ
780 3074 854 3142 έτεί
878 3077 968 3143 ἐστιν
993 3071 1076 3160 οδςὴ
1097 3084 1130 3143 A

111 3183 196 3266 πρὸς
222 3181 285 3266 τὴν
312 3185 357 3263 Β,
383 3177 516 3263 [οὕτως]
545 3176 566 3266 ἡ
591 3184 622 3245 Γ
646 3181 730 3265 πρὸς
751 3181 814 3266 τὴν
838 3188 884 3265 Δ,
908 3183 945 3247 οά
966 3179 1004 3247 δὲ
1031 3191 1073 3265 Α,
1098 3187 1127 3246 Β

184 3362 210 3413 4.
229 3351 389 3426 άσάμετρον
407 3356 435 3410 b.
503 3354 548 3426 τό]
569 3371 584 3410 e
604 3372 673 3410 corr.
692 3356 719 3411 b.
790 3361 813 3410 7.
833 3353 878 3438 τό]
897 3373 967 3412 corr.
987 3374 1020 3412 ex
1038 3358 1075 3430 τῷ
1095 3356 1126 3411 Β.

148 3432 174 3484 ⁸.
192 3428 249 3483 τάν
269 3443 324 3482 om.
338 3424 397 3482 BF.
453 3430 478 3480 9.
495 3422 570 3481 ἐστίν
585 3427 614 3481 P.
671 3433 712 3482 10.
733 3426 800 3495 τῶν]
815 3430 982 3496 (pr1us)om.
997 3427 1028 3480 Β.
1085 3433 1127 3481 11.

82 3497 227 3599 ιτίψν.
248 3497 318 3566 w,
339 3513 393 3552 om.
413 3495 446 3553 Β.
523 3493 600 3553 ἐστίν
619 3497 679 3554 PB.
750 3493 781 3551 τὸ
802 3493 994 3569 (baniurae.
1013 3496 1127 3565 m.1P‚
