2378 3832
100 135 165 207 354
485 137 687 192 κεοιαειαα
706 131 734 190 ι’.
843 111 851 131 “

99 276 398 364 παραβαλλόμενον
425 276 548 357 πλάτος
574 290 666 345 ποιεῖ
691 274 870 363 άποτομην
891 275 1044 364 πρώτην,
1076 285 1115 347 το

100 384 137 452 δὲ
161 381 226 450 άπὸ
249 385 351 471 μέσης
370 380 541 470 άποτομῆς
563 382 695 469 πραότης
713 381 802 471 παρά
822 379 927 471 ῥητὴν
943 388 1115 476 παραβαλ-

100 490 244 577 λόμενον
267 488 391 571 πλάτος
412 503 503 559 ποιεῖ
523 487 897 578 άποτομηνδευτέραν,
919 487 958 558 τὸ
983 490 1021 558 δὲ
1048 488 1116 558 άπὸ

99 599 200 684 μέσης
213 595 385 684 ἀποτομῆς
402 594 667 683 δευτέρας-παρά
686 594 791 684 ῥητὴν
810 595 1117 685 παραβαλλόμενον

64 704 221 784 επλάτος
253 716 344 772 ποιεῖ
364 701 538 790 ἀποτομὴν
560 706 692 789 τρίτην,
718 701 755 771 τδ
782 703 819 771 δὲ
842 700 908 772 άπὸ
933 700 1118 784 ἐλάσσονος

99 812 189 897 παρά
216 809 322 897 ῥητὴν
349 806 650 896 παραβαλλόμενον
677 806 801 888 πλάτος
829 822 920 878 ποιεῖ
940 807 1118 898 άποτομην

99 916 274 1004 τετάρτην,
306 914 344 983 τὸ
374 915 411 983 δέ
438 911 503 983 άπὸ
531 919 590 1002 της
612 913 693 1002 μετά
717 917 821 1002 ῥητοῦ
844 917 949 1003 μέσον
970 915 1009 984 τὸ
1033 914 1118 985 ὅλον

99 1024 261 1108 ποιούσης
288 1019 378 1108 παρά
405 1019 510 1109 ῥητὴν
542 1021 842 1108 παραβαλλόμενον
875 1021 1000 1102 πλάτος
1027 1038 1121 1094 ποιεῖ

100 1125 1122 1217 ἆωῡέδνῑέμψιῐῦθὲἆτόἠεμπὶμέωμέῢ

48 1259 81 1308 10
99 1234 136 1323 τ,δ
156 1234 237 1302 ἕλον
256 1234 417 1322 ποιούσης
434 1234 523 1321 παρὰ
543 1236 649 1323 ῥητὴν
668 1234 971 1324 παραβαλλόμενον
989 1234 1115 1317 πλάτος

100 1355 191 1410 ποιεῖ
216 1339 391 1428 άποτομὴν
417 1341 524 1428 ἕκτην.
570 1341 639 1410 ἐπεὶ
668 1333 731 1410 οὖν
758 1341 800 1410 τά
824 1344 984 1431 εἰρημένα
1006 1342 1115 1430 πλάτη

100 1449 252 1535 διαφέρει
267 1452 329 1517 τοῦ
348 1474 383 1516 τε
400 1446 536 1537 πρώτου
553 1447 609 1515 καλ
628 1446 793 1537 ἀλλήλων,
815 1454 877 1518 τοῦ
891 1448 952 1536 μὲν
967 1448 1117 1549 πρώτου,

100 1551 151 1621 ότι
174 1553 258 1642 ῥητή
282 1555 387 1641 ἐστιν,
414 1552 570 1641 ἀλλήλων
594 1553 647 1641 δέ,
672 1555 741 1624 ἐπεὶ
764 1559 804 1645 τῇ
827 1555 917 1637 τάξει
942 1553 1005 1624 οὐκ
1027 1557 1117 1629 εἰσλν

100 1663 138 1728 αλ
159 1658 267 1747 αὐταί,
291 1665 409 1749 δῆλον,
433 1658 477 1740 ὡς
498 1661 555 1729 καὶ
578 1659 677 1729 αόταλ
696 1665 734 1728 αλ
755 1659 872 1748 άλογοι
891 1664 1116 1752 διαφέρουσιν

48 1789 80 1839 15
100 1765 263 1854 άλληλων.
307 1767 363 1835 καὶ
392 1769 461 1836 ἐπεὶ
489 1771 654 1836 δέδεικται
678 1765 699 1855 ἡ
723 1766 873 1856 άποτομη
897 1768 958 1837 οὐκ
981 1761 1071 1838 οὖσα
1094 1767 1131 1857 ἡ

99 1872 245 1962 αὐτὴτῇ
270 1875 305 1940 ἐκ
333 1873 396 1942 δόο
426 1872 617 1960 ὀνομάτων,
650 1877 785 1942 ποιοῦσι
818 1875 856 1943 δέ
884 1875 992 1964 πλάτη
1023 1875 1115 1964 παρὰ

100 1982 204 2067 ῥητὴν
217 1978 511 2070 παραβαλλόμεναι
526 1983 563 2075 αλ
575 1982 655 2065 μετά
669 1978 733 2068 τὴν
751 1979 924 2069 άποτομὴν
942 1979 1117 2069 άποτομάς

99 2083 297 2166 άκολοάδως
326 2084 445 2172 ἑκάστη
478 2089 518 2174 τῇ
550 2083 640 2167 τάξει
672 2096 713 2174 τῇ
744 2084 825 2154 καθ’
851 2085 975 2174 αὑτήν,
1008 2091 1048 2155 αἱ
1078 2089 1116 2157 δέ

100 2189 180 2277 μετά
203 2189 266 2278 τὴν
289 2193 325 2259 έκ
349 2192 411 2260 δύο
437 2188 612 2279 ὀνομάτων
635 2190 694 2274 τάς
716 2195 751 2262 έκ
775 2192 839 2262 δύο
864 2191 1042 2280 ὀνομάτων
1060 2196 1116 2262 καὶ

46 2321 81 2371 ορ
100 2295 198 2364 αὐταὶ
220 2301 260 2385 τῇ
283 2297 372 2379 τάξει
396 2295 609 2385 ἀκολούθως,
638 2300 747 2386 ἕτεραι
775 2298 841 2388 άρα
865 2299 951 2368 εἰσὶν
974 2304 1014 2368 αλ
1034 2299 1115 2389 μετά

99 2401 161 2488 τὴν
184 2401 354 2490 άτοτομην
375 2403 431 2471 καὶ
450 2406 557 2489 ἕτεραι
576 2408 614 2475 αλ
626 2407 706 2493 μετδι
718 2404 782 2493 τὴν
796 2409 832 2475 ἐκ
847 2408 909 2476 δύο
925 2404 1117 2495 ὀνομάτων,

100 2506 144 2588 όις
167 2507 255 2577 εἶναι
277 2520 317 2600 τῇ
340 2509 429 2591 τάξει
452 2510 559 2592 πάσας
582 2508 725 2598 άλόμους
746 2517 792 2598 ῖν,

165 2617 295 2703 Μέσην,

164 2718 217 2789 Ἐκ
241 2722 304 2790 δύο
328 2721 514 2810 ὀνομάτων,

47 2853 81 2900 25
164 2823 219 2893 Ἐκ
243 2827 306 2894 δύο
330 2830 440 2915 μέσων
464 2827 610 2915 πρωτην,

163 2929 218 2998 Ἐκ
241 2930 304 2998 δύο
328 2934 439 3018 μέσων
464 2934 633 3021 δευτέραν,

169 3043 325 3125 Μείζονα,

161 3140 279 3230 Ῥητὸν
302 3144 357 3211 καλ
381 3147 484 3232 μέσον
508 3149 710 3233 δυναμένην,

172 3275 195 3321 1.
220 3264 251 3322 τδ
272 3267 353 3323 δέ-
368 3275 393 3323 3.
413 3270 562 3341 δευτέραν]
583 3289 638 3340 mg.
657 3288 694 3326 m.
716 3276 729 3324 1
749 3270 782 3325 V.
847 3276 871 3326 ό.
892 3268 1041 3337 ἐλάττονος
1059 3273 1116 3342 Bb,

101 3355 191 3408 comp.
210 3338 241 3396 F.
319 3346 343 3394 9.
362 3337 446 3411 μετά]
467 3357 521 3397 om.
540 3342 570 3395 F.
649 3348 690 3395 11.
711 3333 774 3413 οόν]
794 3359 863 3398 corr.
883 3359 917 3397 ex
936 3339 971 3398 οό
990 3361 1027 3399 m.
1049 3351 1064 3398 1
1085 3344 1116 3398 P.

130 3416 171 3466 12.
198 3405 330 3485 πράτου]
355 3411 454 3483 (prius)
478 3413 510 3468 in
529 3430 583 3468 ras.
602 3412 635 3466 V.
719 3419 760 3469 13.
785 3409 864 3484 ἐπεί]
890 3408 934 3468 ὅτι
956 3415 987 3471 Β.
1073 3423 1114 3471 17.

80 3483 335 3560 παραβαλλόμενα
355 3485 386 3558 Ρ,
410 3503 483 3544 corr.
497 3505 536 3544 m.
549 3492 578 3541 λ.
643 3480 693 3555 ut&
708 3482 811 3553 οωῖ,
824 3501 909 3554 mm
923 3502 979 3540 εει,
992 3504 1030 3542 m.
1047 3493 1062 3540 1
1082 3486 1114 3554 V,
