2378 3832
119 137 184 202 398
534 139 723 191 APPENmX.

118 278 182 364 την
207 277 394 365 ὀνομασίαν
417 277 603 346 τάττεσθαι.
640 279 691 346 ὅτι
711 277 748 346 δέ
767 277 901 365 μείζονά
922 280 992 346 έστι
1010 276 1050 346 τὰ
1070 277 1136 348 ἀπο

119 388 190 452 τοῖν
203 390 236 449 A
241 390 280 469 Β,
295 389 362 451 ΒΓ
371 388 433 452 τοῦ
447 385 500 464 δὶς
513 384 579 453 ὑπὸ
593 388 661 451 τῶν
675 392 707 450 Α
712 391 752 467 Β,
765 389 839 469 ΒΓ,
854 381 961 463 οὕτως
976 386 1136 454 δεικτέον.

189 489 344 577 Φανερὸν
366 491 428 577 μὲν
453 482 531 576 οὖν,
565 489 615 558 ὅτι
639 488 756 558 ἄνισοί
780 494 865 557 εἰσιν
894 493 932 557 αί
956 498 1038 577 ΑΒ,
1065 498 1137 560 ΒΓ.

119 601 150 664 εί
171 594 236 684 γὰρ
259 588 345 683 ἦσαν
365 605 446 683 ίσαι,
470 605 525 664 ίσα
548 593 591 664 δν
610 589 654 682 ἦν
672 596 728 663 καὶ
746 593 786 663 τὰ
804 593 869 664 ἀπὸ
889 599 956 664 τῶν
974 604 1053 684 ΑΒ,
1074 604 1142 667 ΒΓ

83 715 163 795 στῷ
189 705 240 784 δίς
262 701 328 771 ὑπὸ
353 707 421 771 τῶν
444 711 521 789 ΑΒ,
539 709 612 789 ΒΓ,
635 703 690 770 καί
714 695 757 788 ἦν
780 698 825 770 δν
848 702 959 771 καὶτὸ
980 703 1048 772 ὑπὸ
1069 710 1137 773 τῶν

119 819 150 876 Α
157 817 197 895 Β,
216 816 282 877 ΒΓ
301 808 416 897 ῥητόν·
441 807 521 896 ὅπερ
542 807 603 895 οὐχ
621 806 805 877 ὑπόκειται·
829 807 942 877 ἄνισοι
960 808 1027 897 ἄρα
1049 812 1138 880 εἰσὶν

119 919 157 982 αί
178 922 258 1000 ΑΒ,
282 921 352 983 ΒΓ.
398 912 591 982 ὑποκείσθω
619 921 739 1001 μείζων
767 912 892 1000 MR,
923 915 980 982 καὶ
1007 921 1139 986 κείσθω

118 1025 158 1108 τῇ
183 1027 246 1089 ΒΓ
266 1028 321 1106 ίση
341 1021 361 1106 η
380 1029 460 1088 ΒΛ·
485 1019 524 1088 τὰ
545 1019 611 1108 ἅμα
630 1018 695 1089 ἀπὸ
714 1025 784 1088 τῶν
802 1029 878 1106 ΑΒ,
897 1029 965 1088 ΒΛ
989 1029 1049 1089 ίσα
1069 1024 1141 1091 ἐστὶ

117 1130 163 1218 τῷ
192 1153 227 1195 τε
255 1127 307 1207 δίς
335 1125 401 1194 ὑπὸ
429 1131 497 1195 τῶν
524 1133 604 1213 ΑΒ,
628 1135 696 1194 ΒΛ
723 1127 780 1194 καὶ
806 1132 852 1219 τῷ
880 1125 944 1196 ἀπὸ
972 1132 1032 1215 τῆς
1058 1139 1140 1200 ΔΑ.

68 1256 100 1305 10
121 1241 176 1321 ίση
201 1233 239 1302 δὲ
261 1230 282 1320 ἡ
306 1240 373 1301 ΛΒ
395 1243 435 1322 τῇ
458 1239 534 1301 ΒΓ·
564 1235 603 1301 τὰ
626 1232 691 1320 ἅμα
715 1231 781 1301 ἀπὸ
803 1237 871 1302 τῶν
894 1241 971 1321 ΑΒ,
990 1241 1064 1302 ΒΓ
1082 1245 1141 1304 ίσα

119 1340 187 1407 ἐστὶ
214 1343 260 1430 τῷ
288 1365 323 1407 τε
352 1340 403 1418 δίς
434 1337 500 1408 ὑπὸ
529 1351 597 1407 τῶν
625 1347 706 1426 ΑΒ,
730 1346 798 1407 ΒΓ
820 1340 875 1407 καὶ
901 1344 947 1432 τῷ
976 1342 1045 1410 ἀπο
1082 1348 1142 1430 τῆς

119 1454 202 1511 ΑΔ·
244 1444 329 1514 ὥστε
351 1445 390 1513 τὰ
416 1443 480 1513 ἀπὸ
504 1450 572 1513 τῶν
596 1454 677 1532 AB,
701 1453 766 1515 ΒΓ
795 1453 928 1533 μείζονα
956 1445 1049 1516 εἶναι
1077 1455 1141 1518 τοῦ

120 1551 172 1629 δὶς
195 1549 261 1618 υπὸ
285 1556 353 1619 τῶν
376 1559 453 1636 AB,
477 1558 544 1619 ΒΓ
561 1563 608 1644 τῷ
631 1550 696 1619 ἀπὸ
720 1561 797 1619 ΔΑ.

431 1874 482 1938 Ad
506 1874 578 1937 libr.
600 1769 746 1959 2xo'prop.
768 1875 821 1939 40.

182 1992 299 2080 Ῥητον
329 1994 366 2063 δέ
393 1994 448 2061 καὶ
471 1995 574 2080 μέσον
603 1997 774 2081 δυναμένη
797 2003 944 2064 καλεῖται
968 1994 1058 2086 αὕτη
1083 2002 1141 2068 διὰ

66 2122 99 2170 15
119 2097 156 2166 τὸ
181 2098 351 2167 δύνασθαι
375 2100 437 2167 δύο
460 2104 576 2186 χωρία,
599 2103 637 2166 τὸ
662 2098 723 2186 μὲν
746 2098 862 2187 ῥητὸν,
891 2100 928 2170 τὸ
954 2102 993 2171 δὲ
1018 2107 1140 2192 μέσον·

118 2206 175 2272 καὶ
200 2204 257 2272 διὰ
279 2204 342 2291 την
365 2208 425 2272 τοῦ
449 2206 554 2291 ῥητοῦ
577 2205 785 2291 προύταρξιν
808 2211 941 2295 πρῶτον
965 2210 1140 2281 ἐκάλεσεν.

429 2525 481 2590 Ad
504 2526 577 2591 libr.
598 2421 745 2610 ἓμτομ.
767 2528 820 2592 41.

185 2655 293 2716 Καίεί
320 2647 358 2716 δὲ
385 2645 492 2734 αὐτὴν
520 2647 583 2715 δύο
607 2648 690 2734 μέσα
714 2649 906 2735 δυναμένην
931 2649 987 2717 διὰ
1012 2677 1052 2720 το
1078 2654 1139 2722 δύ-

118 2764 246 2821 νασθαι
274 2751 379 2839 αὐτην
408 2753 471 2821 δύο
500 2755 583 2840 μέσα
606 2759 711 2841 χωρία
733 2752 771 2821 τό
795 2780 830 2822 τε
853 2760 1077 2842 συγκείμενον
1102 2761 1138 2827 ἐκ

118 2864 185 2926 τῶν
209 2858 273 2928 ἀπὸ
297 2864 364 2927 τῶν
388 2867 463 2944 ΑΒ,
483 2865 549 2926 ΒΓ
567 2859 622 2926 καὶ
645 2862 683 2927 τὸ
708 2860 760 2938 δὶς
781 2857 848 2927 ὑπὸ
871 2864 939 2928 των
962 2869 1043 2949 ΑΒ,
1064 2871 1138 2933 ΒΓ.

191 3076 233 3124 20.
262 3071 338 3124 Inter
366 3069 512 3140 δυναμένη
541 3074 570 3126 et
596 3065 666 3140 ὅπερ
690 3090 717 3140 p.
739 3072 991 3140 116‚13PBFb‚
1021 3092 1081 3144 mg.
1102 3076 1136 3131 V.

155 3148 197 3196 21.
217 3142 293 3196 Inter
312 3141 457 3210 δυναμένη
476 3144 505 3196 et
524 3136 593 3209 ὅπερ
612 3161 639 3212 p.
660 3149 719 3211 118,
741 3150 773 3197 17
792 3142 933 3198 PBFVb.

118 3270 330 3280 -....-.--.

191 3343 214 3389 1.
234 3336 278 3407 δέ]
299 3332 330 3388 δὲ
345 3337 397 3389 καί
408 3337 437 3390 Ρ.
511 3333 583 3410 ἀπό]
602 3354 671 3392 corr.
691 3355 725 3392 ex
744 3334 799 3392 ὑπό
819 3355 854 3392 m.
875 3344 890 3391 2
909 3336 938 3391 F.
1014 3344 1040 3392 2.
1059 3335 1135 3394 οὕτω

112 3407 202 3464 BVb.
278 3413 304 3466 3.
324 3398 388 3479 οὖν]
409 3397 461 3462 οὖν
481 3403 555 3463 ἐστιν
574 3411 603 3463 Γ.
672 3414 696 3464 8.
716 3404 787 3480 ἀπό]
807 3403 863 3463 ὑπό
884 3409 916 3463 V.
971 3409 1040 3481 ΒΔ]
1063 3426 1136 3467 corr.

104 3497 139 3537 ex
155 3487 218 3540 ΒΓ
236 3481 270 3539 V.
349 3487 373 3539 9.
394 3475 470 3556 ἀπό]
490 3476 547 3538 ὑπὸ
563 3481 600 3535 Β.
666 3480 733 3550 τήςξ
746 3480 799 3532 τίον
813 3480 854 3546 Β,
867 3497 922 3532 tm.
937 3477 994 3532 Bb.
1066 3482 1134 3553 ΔΑ]
