2378 3832
109 153 174 218 386
524 155 712 207 APPENnm

108 292 314 382 άσύμμετρολ
326 299 391 362 εἰσι
405 305 444 382 τῇ
465 296 559 382 μέσῃ,
584 293 727 380 δυνάμει
745 294 783 362 δὲ
801 293 908 381 μόνον
928 292 1127 383 σύμμετροι,

107 402 163 468 καὶ
187 403 340 486 λέγονται
362 400 463 469 πάλιν
487 401 585 488 μέσαι
608 397 725 467 διὰτὸ
749 399 930 486 σύμμετροι
955 397 1046 467 εἶναι
1071 403 1130 469 δν-

108 506 207 594 νάμει
237 519 276 597 πή
310 510 393 596 μέσῃ
425 507 481 575 καὶ
509 506 692 594 σύμμετροι
722 505 806 594 πρὸς
837 505 998 594 άλλήλας,
1032 512 1127 575 καθὸ

108 615 216 701 μέσαι,
235 611 319 682 άλλά
334 614 516 701 σύμμετροι
534 612 618 701 πρὸς
633 612 779 700 ἀλλήλας
793 611 868 700 ήτοι
882 615 978 701 μήκει
992 612 1129 700 δηλαδή

73 744 89 792 5
108 722 163 788 καὶ
187 725 327 808 δυνάμει
350 718 371 806 ή
396 719 538 806 δυνάμει
560 723 676 807 μόνον.
721 721 832 788 καὶεί
853 721 915 807 μὲν
938 718 1054 806 μήκει,
1078 722 1131 788 λέ-

108 853 225 913 γονται
242 827 298 894 καὶ
316 819 414 895 αὗται
433 828 530 912 μέσαι
550 826 645 912 μήκει
664 826 846 914 σύμμετροι
864 827 1034 912 ἑπομένου
1052 831 1130 912 τοῦ,

108 931 160 1001 ὅτι
181 935 237 1000 καὶ
261 935 414 1019 δννάμει’
439 935 469 999 εἰ
491 931 529 998 δὲ
552 931 694 1017 δυνάμει
716 931 825 1019 μόνον
843 933 908 1000 εἰσὶ
927 930 1129 1019 σύμμετροι,

108 1041 262 1126 λέγονται
284 1039 340 1105 καὶ
364 1036 472 1118 οὕτως
499 1039 596 1124 μέσαι
624 1037 766 1125 δυνάμει
793 1036 900 1124 μόνον
929 1037 1129 1127 σύμμετροι.

166 1143 237 1212 ’Ότι
260 1146 297 1214 δέ
321 1148 358 1212 αἱ
379 1147 475 1232 μέσαι
500 1145 685 1232 σύμμετροί
705 1149 805 1230 εἰσιν,
833 1142 939 1224 οὕτως
962 1146 1126 1213 δεικτέον.

57 1274 89 1322 10
110 1252 178 1320 ἐπεὶ
206 1255 243 1319 αλ
269 1253 365 1339 μέσαι
393 1254 475 1340 μέσῃ
504 1251 570 1319 τινὶ
599 1251 784 1340 σύμμετροί
808 1255 910 1337 εἰσιν,
942 1249 983 1318 τὰ
1013 1251 1053 1318 δὲ
1080 1256 1128 1343 τῷ

109 1355 197 1448 αὐτῷ
227 1359 396 1447 σύμμετρα
423 1359 478 1426 καὶ
507 1356 663 1444 άλλήλοις
691 1358 760 1425 ἐστὶ
784 1357 969 1444 σύμμετρα,
999 1360 1037 1425 αλ
1058 1356 1128 1445 άρα

108 1466 205 1551 μέσαι
229 1465 414 1550 σύμμετροί
434 1469 528 1532 εἰσιν.

420 1802 470 1866 Ad
494 1802 567 1867 libr.
589 1696 629 1865 ἓ
642 1823 733 1887 prop.
757 1803 809 1866 27.

541 1929 689 2010 Λῆμμα·

175 2065 250 2133 Δύο
284 2063 440 2152 άριθμάν
473 2065 646 2133 δοθέντων
669 2069 717 2134 έν
745 2064 833 2156 λόγῳ
863 2064 1034 2156 ὁποιῳοῦν
1070 2068 1124 2134 καὶ

56 2194 89 2242 15
108 2171 212 2239 ἄλλον
240 2171 332 2250 τινὸς
360 2173 438 2239 δέον
461 2174 598 2256 ποιήσαι
626 2169 671 2249 ὡς
693 2169 754 2238 τὸν
778 2168 927 2258 άριθμόν
954 2172 1040 2258 πρὸς
1064 2171 1126 2240 τὸν

109 2275 260 2365 άριθμδν
285 2278 391 2359 οὕτως
411 2281 533 2346 τοῦτον
556 2276 638 2366 πρὸς
661 2275 765 2346 άλλον
787 2276 873 2345 τινά.

164 2381 339 2450 Ἔστωσαν
368 2386 402 2450 ολ
432 2386 591 2462 δοθέντες
623 2382 686 2453 δύο
719 2381 860 2472 άριθμοὶ
891 2388 926 2453 οἱ
952 2393 1035 2470 ΑΒ,
1060 2393 1126 2453 ΓΔ

108 2488 211 2576 λόγον
235 2493 365 2576 ἔχοντες
387 2487 471 2574 πρὸς
494 2486 659 2575 ἀλλήλους
678 2487 870 2577 ὁποιονοῦν,
894 2488 995 2569 άλλος
1014 2492 1059 2560 δέ
1074 2516 1126 2572 τις

109 2595 127 2666 δ
152 2602 222 2665 ΓΕ.
269 2600 322 2663 δεῖ
342 2599 479 2681 ποιήσαι
501 2593 538 2663 ιδ
562 2600 793 2682 προκείμενον.

54 2727 89 2775 νο
172 2700 434 2789 Ἀναγεγράφθω
458 2700 521 2789 γάρ
544 2699 610 2769 ὑπὸ
630 2705 698 2769 πάν
723 2705 803 2786 ΔΓ,
827 2706 891 2768 ΓΕ
911 2702 1127 2788 παραλληλό-

108 2834 262 2894 γραμμον
286 2806 499 2894 ὀρθογώνιον
523 2806 559 2875 τὸ
585 2814 665 2895 ΔΕ,
693 2807 749 2873 καὶ
772 2810 817 2896 τῷ
841 2815 910 2874 ΔΕ
931 2815 1007 2874 ἴσον
1031 2810 1127 2892 παρὰ

108 2912 168 2980 τὸν
201 2920 266 2980 ΑΒ
303 2911 570 3008 παραβεβλήσθω
602 2911 949 3000 παραλληλόγραμμον
985 2910 1023 2979 τὸ
1060 2921 1127 2980 ΒΖ

108 3019 232 3098 πλάτος
254 3022 374 3087 ποιοῦν
397 3017 461 3104 τήν
484 3027 514 3086 Α
523 3025 557 3087 Ζ.
604 3020 673 3088 ἐπεὶ
702 3011 765 3087 οὖν
795 3027 870 3087 ἴσον
898 3019 966 3086 ἐστὶ
989 3017 1027 3087 τὸ
1055 3028 1129 3088 ΔΕ

180 3238 204 3286 9.
224 3233 292 3286 Post
311 3231 404 3296 δεῖξαι
422 3249 448 3300 p.
470 3236 511 3298 78,
534 3237 565 3286 13
584 3231 617 3286 V.

175 3436 200 3486 1.
220 3426 295 3487 εἰσιν
314 3428 345 3487 Ρ.
421 3431 446 3483 9.
472 3424 516 3483 δτι
536 3461 568 3469 -
589 3434 632 3482 λλ.
656 3427 747 3498 slew]
769 3429 854 3484 etiam
877 3427 907 3482 in
925 3446 982 3499 mg.
1003 3446 1064 3499 sup.
1085 3448 1123 3483 m.

87 3519 146 3560 ree.
169 3504 199 3560 Β,
283 3511 327 3563 10.
349 3499 491 3560 elotBV.
567 3497 873 3570 ὶθλῆμμαΧῑΜΝ,
