2378 3832
110 169 175 234 252
495 168 698 221 ΣΤοιΧυῑαΝ
716 163 744 221 ι’.

109 317 195 394 EM,
218 319 264 401 τῷ
288 307 325 376 δὲ
349 310 401 389 δὶς
423 307 489 376 ὑπὸ
507 312 575 376 τῶν
595 313 669 393 ΑΓ,
684 312 746 374 ΓΒ
769 315 846 375 ίσον
868 305 959 396 παρὰ
982 307 1048 394 τήν
1068 317 1129 377 ΕΖ

109 414 379 503 παραβεβλήσθω
397 413 435 483 τό
451 421 523 482 ΘΗ
536 412 659 493 πλάτος
676 416 798 481 ποιοῦν
816 410 879 500 τήν
894 421 981 481 ΘΜ·
1006 414 1129 484 λοιπὸν

110 520 176 608 άρα
203 519 240 588 ιδ
270 518 336 588 άπὸ
361 525 420 608 τῆς
442 527 508 587 ΑΒ
536 528 613 587 ίσον
641 519 710 586 ἐστὶ
736 529 781 611 τῷ
804 525 884 589 ΕΛ·
921 516 944 605 ἡ
970 519 1040 608 άρα
1063 529 1129 589 ΑΒ

111 626 253 694 δύναται
275 624 313 694 τὸ
337 633 413 695 ΕΛ.
451 624 553 693 πάλιν
576 638 646 704 τοῖς
672 622 738 692 άπὸ
762 628 831 694 τῶν
854 634 936 710 ΑΔ,
961 633 1030 693 ΔΒ
1055 635 1130 695 ίσον

74 731 199 820 ιπαρδι
226 731 289 820 τήν
317 739 380 799 ΕΖ
407 729 676 819 παραβεβλήσθω
704 729 743 798 τὸ
773 737 830 798 ΕΙ
854 730 979 810 πλάτος
1006 744 1129 800 ποιοῦν

109 838 171 927 τήν
195 845 273 906 ΕΝ
318 843 387 906 ἔστι
411 837 448 905 δὲ
470 838 526 904 καὶ
549 836 586 904 τὸ
610 834 676 904 άπὸ
703 845 763 923 τῆς
786 843 853 903 ΑΒ
876 844 953 906 ίσον
977 841 1025 929 τῷ
1048 846 1127 906 ΕΛ·

110 943 229 1013 λοιπὸν
253 943 319 1032 άρα
341 942 379 1011 τὸ
404 943 457 1022 δὶς
478 940 545 1010 ὑπὸ
568 946 636 1010 τῶν
660 951 741 1028 ΑΛ,
765 949 833 1010 ΑΒ
857 951 934 1010 ίσον
959 944 1058 1028 [ἐστὶ]
1080 947 1125 1036 τῷ

110 1056 172 1118 ΘΙ.
213 1049 268 1117 καὶ
292 1049 362 1116 ἐπεὶ
385 1047 488 1135 μέσον
512 1048 582 1116 ἐστὶ
604 1047 642 1116 τὸ
667 1055 886 1135 συγκείμενον
910 1051 947 1117 ἐκ
968 1054 1039 1118 τῶν
1062 1047 1124 1118 άπὸ

109 1159 178 1223 τάν
197 1162 272 1241 ΑΓ,
294 1162 355 1223 ΓΒ
377 1160 436 1222 καί
457 1156 547 1221 ἐστιν
571 1163 646 1223 ίσον
669 1158 716 1246 τῷ
740 1162 820 1241 ΕΗ,
844 1157 947 1241 μέσον
970 1153 1038 1243 άρα
1060 1158 1128 1224 ἐστὶ

59 1284 91 1334 10
107 1258 215 1329 καὶτὸ
231 1268 311 1328 ΕΗ.
338 1261 394 1328 καί
407 1259 497 1349 παρὰ
514 1259 619 1347 ῥητὴν
632 1258 694 1346 τήν
710 1269 773 1328 ΕΖ
792 1260 986 1348 παράκειται
1005 1261 1130 1343 πλάτος

110 1370 233 1434 ποιοῦν
260 1366 321 1453 τήν
349 1374 436 1434 ΕΜ·
473 1365 556 1454 ῥητή
584 1365 649 1451 άρα
679 1367 770 1434 ἐστὶν
799 1365 923 1453 ήΕΜ
944 1366 1002 1434 καὶ
1025 1364 1129 1456 άσάμ-

111 1497 229 1558 μειρος
251 1476 291 1561 πή
316 1480 378 1540 ΕΖ
406 1471 510 1559 μήκει.
555 1473 673 1557 πάλιν,
701 1472 770 1540 ἐπεὶ
794 1473 899 1560 μέσον
922 1473 992 1541 ἐστὶ
1014 1471 1054 1541 τὸ
1078 1475 1130 1554 δίς

110 1574 176 1645 ὑπὸ
200 1582 269 1646 τῶν
292 1585 367 1663 ΑΓ,
387 1584 448 1645 ΓΒ
471 1582 530 1646 καί
550 1579 641 1646 ἐστιν
665 1585 741 1645 ἴσον
764 1581 810 1670 τῷ
829 1585 908 1664 ΘΗ,
932 1577 1036 1665 μέσον
1061 1579 1127 1668 άρα

110 1683 165 1750 καὶ
197 1683 234 1752 τὸ
267 1691 349 1766 ΘΗ.
396 1683 452 1751 καὶ
484 1684 574 1770 παρὰ
608 1681 712 1770 ῥητὴν
742 1681 803 1770 τήν
835 1691 899 1751 ΕΖ
930 1685 1128 1771 παράκειται

58 1812 91 1861 15
109 1787 233 1869 πλάτος
258 1776 379 1859 ποιοῦν
401 1788 463 1876 τὴν
487 1796 572 1856 ΘΜ·
610 1787 693 1876 ῥητή
718 1787 783 1876 όιρα
807 1789 897 1856 ἐστὶν
921 1787 942 1876 ἡ
966 1797 1046 1858 ΘΜ
1070 1793 1126 1860 καὶ

110 1893 320 1983 άσόμμειρος
347 1906 387 1985 πή
413 1903 474 1963 ΕΖ
504 1894 609 1982 μήκει.
653 1895 709 1962 καὶ
738 1894 807 1963 ἐπεὶ
835 1893 1030 1983 άσόμμετρά
1060 1900 1127 1966 ἐστι

78 1983 82 1994 ’
110 1999 150 2067 ιδ
174 2000 239 2069 άπὸ
258 2012 325 2075 τῶν
344 2007 495 2086 ΑΓ,ΓΒ
517 2004 563 2092 τῷ
588 2001 640 2079 δὶς
662 1997 728 2069 ὑπὸ
752 2005 821 2069 τῶν
840 2007 914 2087 ΑΓ,
927 2007 1002 2087 ΓΒ,
1023 1999 1126 2090 άσάμ

111 2106 232 2192 μεπρόν
256 2109 325 2173 ἐστι
347 2106 402 2173 καὶ
423 2104 461 2174 τό
482 2114 556 2174 ΕΗ
574 2110 618 2198 τῷ
638 2113 721 2174 ΘΗ·
744 2105 954 2194 ἀσύμμετρος
972 2105 1040 2196 άρα
1058 2109 1126 2177 ἐστὶ

110 2210 166 2276 καί
189 2207 209 2295 ἡ
229 2218 307 2278 ΕΜ
325 2217 364 2298 τή
384 2218 457 2278 ΜΘ
479 2210 584 2298 μήκει.
620 2217 680 2279 καί
696 2217 781 2280 είσιν
804 2210 993 2300 ἀμφότεραι
1017 2216 1126 2300 ῥηταί·

57 2340 92 2388 20
112 2317 149 2381 αί
165 2313 231 2403 άρα
248 2321 333 2400 ΕΜ,
348 2322 420 2383 ΜΘ
440 2318 540 2403 ῥηταί
556 2321 620 2384 είσι
639 2317 779 2405 δυνάμει
802 2317 911 2405 μόνον
931 2317 1126 2408 σύμμετροι·

113 2418 263 2507 ἀποτομή
289 2416 360 2504 άρα
379 2420 469 2487 ἐστὶν
493 2418 513 2506 ἡ
539 2428 613 2506 ΕΘ,
636 2422 914 2511 προσαρμόζουσα
938 2423 976 2492 δὲ
999 2423 1126 2516 αάιήὴ

111 2532 192 2594 ΘΜ.
238 2523 360 2612 ὁμοίως
384 2527 426 2611 δή
451 2527 616 2612 δείξομεν,
645 2529 697 2596 ὅτι
718 2529 739 2615 ἡ
763 2518 826 2596 ΕΘ
848 2527 950 2597 πάλιν
974 2527 1126 2620 άποπομή

111 2635 213 2718 ἐστιν,
236 2630 515 2719 προσαρμόζουσα
533 2629 571 2698 δὲ
590 2629 674 2721 αὐτή
693 2631 714 2719 ἡ
729 2640 805 2701 ΘΝ.
839 2638 878 2722 πή
894 2635 960 2721 άρα
974 2634 1126 2726 άποιομή

111 2733 195 2823 άλλη
218 2736 274 2804 καὶ
298 2735 381 2822 άλλη
404 2737 626 2824 προσαρμόζει
650 2737 732 2827 ῥητή
756 2739 898 2828 δυνάμει
916 2742 1025 2827 μόνον
1046 2745 1125 2831 σάμ-

57 2865 90 2915 νσ
110 2867 229 2929 μετρος
249 2834 335 2911 οὖσα
349 2845 388 2929 νή
408 2840 485 2930 ὅλῃ·
510 2841 590 2930 ὅπερ
610 2847 745 2931 ἐδείχθη
757 2833 945 2916 ’ἀδύνατον
983 2845 1046 2916 οὐκ
1063 2848 1126 2936 άρα

109 2951 150 3037 τῇ
174 2954 239 3015 AB
263 2944 358 3034 ἑτέρα
381 2949 608 3036 προσαρμόσει
631 2948 758 3019 εὐθεῖα.

185 3146 209 3198 1.
227 3136 306 3210 παρά
326 3171 359 3181 -
379 3147 403 3197 2.
423 3139 663 3215 παραβεβλήσθω]
683 3139 844 3216 ἀφῃρήσθω
864 3147 898 3203 V.
969 3153 993 3202 2,
1015 3151 1075 3204 ΗΘ
1093 3149 1124 3205 Β.

26 3242 30 3251 ·
147 3213 210 3268 ΜΘ
227 3211 325 3267 iuras.
338 3212 373 3281 V,
394 3214 455 3268 ΘΝ
471 3215 501 3268 Ε.
555 3210 743 3270 λοιπόν-6.
764 3216 839 3287 ΕΝ]
859 3220 1046 3287 mg.m.1F.
1100 3226 1126 3275 4.

111 3288 172 3346 τοῖς
189 3282 243 3353 μέν
260 3283 290 3339 Ρ.
365 3290 392 3368 6..
413 3280 479 3369 τήν]
498 3283 541 3339 bis
559 3284 594 3340 V.
622 3353 627 3372 Ι
668 3291 691 3342 7.
717 3283 791 3358 ἐστί]
811 3283 888 3342 ἐστίν
906 3289 943 3359 Ρ,
967 3306 1020 3347 om.
1040 3290 1125 3360 FVb,

110 3353 244 3481 3232.
299 3359 341 3480 λ.
355 3375 399 3499 λλ
433 3354 552 3480 λβ..
569 3363 792 3494 λείῗλιιέο·
806 3359 975 3501 ΗΕΘ
992 3379 1032 3487 θ·
1052 3361 1126 3489 2λῐ

76 3486 181 3569 ,huj
194 3527 230 3539 ·-
252 3495 409 3572 &Mj'mg.
428 3515 466 3554 m.
488 3505 502 3553 1
521 3497 544 3552 P
566 3493 637 3568 (ἐστὶ
654 3498 711 3571 vin.
780 3504 827 3553 ss„
844 3496 1019 3569 ἀοόμρεπρον
1033 3532 1067 3544 -
1083 3507 1126 3561 18.
