2378 3832
107 161 173 226 m?
493 155 741 213 mmm&

107 302 213 390 λογόν
236 300 366 371 ἔστιτὸ
390 299 455 370 ὑπὸ
478 312 546 371 τῶν
569 307 657 386 ΑΗ,
680 307 764 385 ΗΒ,
787 306 846 368 καί
868 301 960 368 ἐστιν
984 308 1063 368 λσου
1086 299 1123 370 τὸ

108 410 170 498 μέν
195 407 259 477 άπὸ
284 412 342 496 τῆς
365 416 441 478 ΑΗ
463 408 509 501 τῷ
533 413 608 495 ΓΘ,
634 410 673 475 τὸ
698 406 735 476 δέ
763 403 828 475 ὑπὸ
856 409 925 475 τῶν
948 414 1032 492 ΑΗ,
1055 413 1123 476 ΗΒ

107 520 153 608 τῷ
177 523 263 602 ΝΛ,
294 515 332 584 τὸ
363 515 400 585 δέ
428 514 493 583 άπὸ
521 518 579 602 τῆς
602 521 675 582 BH
697 517 743 606 τῷ
766 520 851 599 ΚΛ,
883 514 940 581 καλ
962 519 1033 582 τῶν
1053 521 1122 600 ΓΘ,

107 629 177 691 ΚΛ
199 621 265 712 άρα
288 623 392 710 μέσον
415 620 588 708 ἀνάλογόν
612 619 740 689 ἐστιτὰ
765 627 804 687 Ν
806 627 849 688 Λ·
873 624 965 687 ἔστιν
988 618 1056 709 άρα
1081 619 1124 702 ὥς

74 728 146 800 στὸ
175 734 235 798 ΓΘ
266 727 350 815 πρὸς
376 728 413 797 τὸ
442 735 528 815 ΝΛ,
562 725 668 808 οὕτως
697 725 735 795 τὸ
764 734 836 795 ΝΛ
867 729 952 815 πρὸς
978 724 1017 795 τὸ
1046 734 1123 795 ΚΛ.

108 833 182 904 ἀλλ’
204 833 249 917 ὡς
272 835 333 923 μὲν
356 833 394 903 τὸ
415 839 477 903 ΓΘ
499 833 582 923 πρὸς
604 832 642 902 τὸ
666 838 748 917 ΝΛ,
772 829 880 912 οὕτως
903 833 994 900 ἐστὶν
1018 830 1040 920 ἡ
1060 839 1125 901 ΓΚ

108 940 191 1030 πρὸς
217 941 279 1029 τὴν
303 948 396 1027 ΝΜ,
429 938 476 1020 ὡς
503 939 541 1008 δέ
569 939 607 1007 τὸ
630 946 702 1007 ΝΛ
729 941 813 1026 πρὸς
839 937 876 1006 τὸ
903 943 985 1026 ΚΛ,
1019 937 1125 1020 οὕτως

108 1049 201 1118 ἐστὶν
224 1046 244 1135 ἡ
269 1054 354 1116 ΝΜ
370 1045 454 1136 πρὸς
476 1050 538 1134 τὴν
558 1052 644 1115 ΜΚ·
675 1043 718 1126 ὡς
741 1044 808 1133 άρα
830 1041 850 1131 ἡ
872 1050 938 1113 ΓΚ
960 1045 1046 1133 πρὸς
1064 1048 1125 1132 τὴν

110 1162 201 1241 ΝΜ,
225 1152 331 1236 οὕτως
354 1154 444 1223 ἐστὶν
467 1151 488 1240 ἡ
507 1160 592 1222 ΝΜ
609 1152 695 1239 πρὸς
717 1150 779 1239 τὴν
796 1158 886 1221 ΚΜ·
910 1149 948 1220 τὸ
972 1149 1040 1239 άρα
1058 1147 1125 1219 ὑπὸ

58 1283 91 1332 10
109 1265 178 1330 τῶν
201 1266 283 1347 ΓΚ,
306 1267 389 1329 ΚΜ
407 1267 482 1328 ἴσον
506 1259 574 1328 ἐστὶ
601 1263 646 1348 τῷ
675 1255 739 1327 άπὸ
768 1263 827 1345 τῆς
849 1264 943 1342 ΝΜ,
975 1257 1125 1325 τουτέστι

110 1377 156 1459 τῷ
180 1365 326 1456 τετάρτῳ
354 1367 446 1454 μέρει
474 1369 536 1433 τοῦ
563 1363 628 1433 άπὸ
656 1369 715 1450 τῆς
743 1371 821 1433 ΖΜ
849 1364 917 1448 [καὶ
945 1363 1016 1432 έπελ
1044 1365 1125 1451 σάμ-

110 1471 232 1558 μετρόν
257 1473 325 1539 έστι
349 1469 387 1540 τὸ
410 1467 476 1539 άπὸ
494 1475 553 1558 τῆς
574 1477 647 1539 ΑΗ
668 1474 713 1560 τῷ
738 1466 802 1537 άπὸ
825 1473 884 1556 τῆς
900 1476 978 1557 ΒΗ,
1002 1469 1124 1557 σύμμε-

110 1575 192 1663 τρόν
212 1579 280 1645 ἐστι
298 1577 354 1645 καὶ
373 1575 410 1645 τὸ
431 1583 492 1644 ΓΘ
510 1579 555 1669 τῷ
570 1582 650 1660 ΚΛ,
669 1575 841 1643 τουτέστιν
855 1571 876 1661 ἡ
891 1579 958 1642 ΓΚ
967 1579 1009 1663 τῇ
1023 1583 1125 1662 ΚΜ].

111 1684 182 1752 ἐπεὶ
205 1675 269 1752 οὖν
292 1682 355 1755 δύο
384 1681 515 1751 εὐθεῖαι
538 1680 655 1750 άυισολ
675 1685 762 1749 εἰσιν
785 1683 823 1748 αλ
844 1686 930 1766 ΓΜ,
953 1689 1042 1768 ΜΖ,
1070 1684 1125 1751 καλ

61 1814 93 1863 15
111 1795 157 1879 τῷ
181 1789 326 1881 τετάρτῳ
354 1792 446 1878 μέρει
473 1800 534 1856 τοῦ
562 1785 627 1857 άπὸ
655 1793 713 1875 της
739 1795 812 1857 ΜΖ
841 1796 917 1856 λσον
944 1787 1034 1877 παρά
1062 1791 1126 1878 την

112 1902 246 1983 μείζονα
269 1894 330 1983 τὴν
354 1901 430 1965 ΓΜ
452 1895 701 1984 παραβέβληται
730 1896 883 1963 ἐλλεῖπον
911 1898 994 1963 εἴδει
1016 1920 1125 1983 τετρα-

111 2005 208 2095 γάνςο
232 2002 270 2072 τὸ
293 2000 359 2072 ὑπὸ
383 2006 450 2072 τῶν
475 2006 552 2087 ΓΚ,
576 2007 659 2070 ΚΜ
676 2001 732 2068 καὶ
756 2004 803 2080 εἰς
826 1998 996 2089 σύμμετρα
1019 2002 1127 2090 αὐτην

112 2113 253 2196 διαιρεῖ,
281 2107 302 2195 ἡ
326 2107 392 2196 άρα
413 2113 491 2176 ΓΜ
513 2109 572 2192 τῆς
594 2113 666 2175 ΜΖ
690 2112 802 2194 μεῖζον
826 2107 967 2177 δύναται
988 2112 1035 2198 τῷ
1060 2107 1125 2178 άπὸ

112 2216 304 2303 συμμέτρου
327 2215 427 2302 ἑαυτῇ
455 2213 561 2302 μήκει.
605 2219 664 2281 καί
689 2215 781 2283 ἐστιν
803 2211 824 2300 ἡ
848 2216 1127 2301 προσαρμόζουσα

59 2316 134 2404 2οὴ
159 2326 236 2387 ΖΜ
255 2322 439 2406 σύμμετρος
461 2319 558 2406 μήκει
580 2323 620 2408 τῇ
645 2320 814 2408 ἐκκειμένῃ
838 2323 921 2407 ῥητῇ
943 2324 982 2406 τῇ
1002 2326 1079 2389 ΓΔ·
1106 2319 1127 2408 ἡ

112 2424 177 2511 άρα
200 2432 261 2494 ΓΖ
285 2423 436 2512 άποτομή
459 2425 529 2493 ἐστι
552 2427 699 2509 δευτέρα.

182 2532 228 2601 Τὸ
252 2531 319 2622 άρα
342 2530 408 2600 άπὸ
434 2532 536 2619 μέσης
559 2529 728 2617 ἀποτομῆς
750 2529 883 2619 πραότης
904 2529 994 2619 παρά
1021 2532 1127 2620 ῥητὴν

111 2638 412 2727 παραβαλλόμενον
448 2637 571 2718 πλάτος
612 2650 703 2706 ποιεῖ
737 2635 911 2724 ἀποτομὴν
952 2641 1127 2726 δευτέραν·

113 2743 193 2835 ὅπερ
218 2749 285 2815 ἔδει
309 2748 422 2828 δεῖξαι.

58 2856 92 2906 π
587 2830 654 2901 Μ

183 2936 232 3006 Τὸ
276 2937 350 3009 άπὸ
395 2941 515 3026 μέσης
552 2937 754 3025 άποτομῆς
795 2938 984 3023 δευτέρας
1024 2940 1126 3025 παρά

113 3042 236 3131 ῥητὴν
255 3044 614 3132 παραβαλλόμενον
633 3044 777 3124 πλάτος
795 3057 905 3112 ποιεῖ
921 3042 1129 3133 ἀποτομὴν

112 3157 259 3237 τρίτην.

186 3301 209 3348 1.
230 3289 317 3364 ἐστιν]
339 3289 398 3378 &qu
416 3293 449 3348 V.
522 3292 596 3375 ἴσον]
617 3308 700 3378 τηρεε
719 3309 770 3346 scr.
789 3309 825 3346 m.
847 3300 860 3346 1
882 3292 914 3378 V.
951 3364 962 3377 η
984 3299 1009 3347 2.
1029 3293 1082 3364 τῷ]
1101 3293 1132 3348 in

112 3380 166 3420 ras.
186 3363 220 3420 V.
294 3371 318 3420 3.
338 3364 391 3438 τῳ]
409 3384 464 3419 των
483 3365 551 3418 mut.
571 3382 601 3419 m
619 3382 651 3417 το
670 3381 707 3418 m.
728 3370 741 3416 1
762 3362 795 3418 V.
860 3364 907 3436 το]
925 3382 964 3418 τοι
982 3364 1014 3420 Ρ.
1080 3365 1133 3452 τιβ]

112 3432 224 3492 πη
286 3419 992 3510 ωπαεοῃωωηπη
1058 3453 1135 3506 ωε

100 3503 135 3564 τά
150 3508 228 3586 ΚΛ]
243 3503 277 3568 τά
297 3513 332 3568 Ν
333 3515 360 3569 Λ
380 3529 410 3584 φ.
440 3507 552 3568 Deinde
566 3505 714 3562 &emm
732 3500 787 3559 ἀλλ’
814 3500 853 3566 ὸς
870 3503 919 3572 μὶν
938 3501 972 3557 τὶ)
989 3507 1042 3559 ΓΘ
1060 3503 1137 3575 πρὸς
