2378 3832
533 153 722 205 APPENDIX.

430 402 482 467 Ad
506 403 578 467 libr.
601 295 745 485 ὀζθμεομ.
768 401 820 465 36.

182 520 336 590 Ἐκάλεσε
360 523 398 591 δὲ
420 519 526 610 αὐτην
555 524 594 590 έκ
618 524 688 590 ὀύο
718 519 928 607 ὀνομάτων
958 522 1019 588 διά
1045 522 1084 587 τὸ
1108 521 1142 587 ἐκ

120 632 182 698 δύο
216 631 326 717 ῥητῶν
358 627 465 715 αὐτὴν
493 637 692 715 συγκεῖσθαι
719 625 840 717 κύριον
869 625 997 715 ὄνομα
1027 618 1143 695 καλῶν

118 740 157 803 τὸ
180 737 293 823 ῥητόν,
317 733 396 803 καθ’
423 731 442 802 ὀ
465 734 577 822 ῥητόν.

430 1019 483 1084 Ad
505 1021 577 1085 libr.
600 917 746 1104 {prop
769 1021 821 1085 37.

185 1140 338 1209 Ἐκάλεσε
365 1141 403 1210 δὲ
431 1141 536 1228 αὐτὴν
565 1144 600 1211 έκ
629 1140 691 1210 δύο
720 1141 831 1228 μέσων
854 1139 993 1227 πρωτην
1020 1143 1079 1208 διά
1105 1138 1144 1209 τό

84 1278 100 1327 5
121 1249 225 1336 ῥητὸν
248 1251 413 1336 περιέχειν
436 1249 492 1316 καὶ
514 1262 689 1338 προτερεῖν
712 1247 751 1316 τό
775 1248 885 1334 ῥητόν.

431 1533 483 1598 Ad
506 1535 579 1599 libr.
602 1430 746 1618 {lgprop
769 1535 820 1599 38.

183 1651 337 1723 Ἐκάλεσε
361 1654 398 1723 δὲ
421 1653 529 1741 αὐτὴν
552 1658 588 1723 ἐκ
611 1653 675 1722 ὀάο
694 1657 807 1743 μέσων
830 1654 993 1742 δευτέραν
1019 1654 1080 1722 διὰ
1103 1681 1140 1722 το

121 1763 224 1848 μέσον
253 1761 416 1848 περιέχειν
443 1757 480 1827 τό
509 1757 565 1826 ὑπ’
596 1757 709 1828 αὐτῶν
740 1761 797 1829 καὶ
830 1758 875 1847 μη
908 1758 1033 1847 ῥητόν,
1067 1764 1138 1828 ὀευ

121 1866 269 1955 τερεάειυ
294 1867 332 1934 δὲ
354 1864 391 1933 τό
415 1867 518 1953 μέσον
537 1871 598 1934 τοῦ
617 1868 730 1953 ῥητοῦ.
762 1864 814 1935 ὅτι
833 1865 871 1933 δὲ
888 1863 926 1934 τὸ
945 1862 1016 1934 ὑπὸ
1037 1870 1140 1955 ῥητῆς

119 1975 175 2040 καὶ
199 1972 326 2060 άλόμου
343 1971 580 2060 περιεχόμενον
599 1971 725 2059 άλογόν
744 1975 845 2059 ἐστιν,
870 1977 986 2058 δῆλον.
1022 1979 1055 2041 εἰ
1072 1973 1139 2063 γὰρ

67 2106 101 2157 10
120 2084 211 2147 ἔσται
235 2079 338 2168 ῥητὸν
356 2079 412 2146 καὶ
430 2080 677 2165 παραβέβληται
696 2078 785 2166 παρά
805 2079 920 2166 ῥητήν,
945 2087 997 2166 εἴη
1018 2076 1064 2148 άν
1083 2081 1138 2149 καλ

119 2184 140 2272 ἡ
165 2187 259 2269 ἑτέρα
283 2183 389 2253 αὐτοῦ
411 2183 537 2271 πλευρά
561 2184 653 2272 ῥητή.
699 2183 784 2253 ἀλλὰ
807 2186 862 2253 καὶ
885 2184 1024 2272 ἄλογος·
1055 2187 1137 2273 ὅπερ

121 2290 256 2359 άτοπον.
293 2290 331 2359 τό
356 2290 420 2378 άρα
443 2289 509 2359 ὑπὸ
529 2293 630 2378 ῥητῆς
653 2292 709 2359 καὶ
731 2290 861 2378 άλόμου
883 2289 1012 2378 άλογόν
1036 2295 1138 2361 ἐστιν.

431 2575 482 2640 Ad
505 2577 577 2640 libr.
600 2471 744 2660 {Kaprop
767 2577 818 2642 39.

184 2695 336 2764 Ἐκάλεσε
356 2696 394 2765 δὲ
412 2694 518 2783 αὐτην
537 2702 672 2783 μείζονα
691 2695 748 2764 ὀιόι
766 2724 804 2765 το
822 2696 862 2765 τά
881 2696 947 2766 άπό
965 2711 1038 2767 τῶν
1058 2710 1135 2789 ΑΒ,

119 2809 185 2870 ΒΓ
213 2804 297 2889 ῥητά
328 2808 462 2887 μείζονα
491 2799 578 2869 εἶναι
609 2806 670 2871 τοῦ
699 2803 751 2882 δὶς
777 2801 843 2871 ὑπὸ
870 2807 938 2870 τῶν
964 2813 1050 2907 43,
1075 2814 1140 2876 ΒΓ

67 2934 100 2984 15
120 2911 236 2993 μέσου,
259 2907 315 2974 καὶ
339 2910 417 2975 δέον
442 2905 528 2975 εἶναι
551 2906 618 2976 άπό
638 2911 696 2995 τῆς
714 2913 782 2976 τῶν
801 2911 912 2996 ῥητῶν
932 2912 1136 3000 οἰκειότητος

192 3072 233 3121 16.
252 3065 331 3120 Inter
348 3060 496 3134 ὀνομάτων
516 3070 544 3121 eh
562 3061 633 3137 ὀπερ
648 3087 674 3137 p.
692 3073 752 3137 108,
772 3073 805 3122 15
823 3067 932 3124 PBFb.
996 3075 1038 3126 17.
1058 3071 1135 3128 [nter

118 3135 212 3206 πρώτη
232 3140 261 3193 et
279 3131 349 3202 ὅπερ
368 3155 395 3204 p.
415 3142 476 3205 110,
494 3142 511 3191 8
529 3138 639 3193 PBFb.
714 3143 755 3194 18.
774 3139 850 3193 Insser
869 3137 991 3209 δευτέρα
1013 3143 1043 3196 et
1064 3138 1132 3211 ὅπερ

117 3227 145 3295 p.
165 3215 230 3276 114,
250 3213 265 3262 λ
284 3207 398 3271 PBFb,
421 3225 472 3274 pro
497 3209 603 3264 scholio
624 3209 704 3263 Vm.
726 3216 749 3263 1.
828 3216 869 3264 19.
888 3209 963 3265 Inter
983 3215 1089 3281 μείζων
1108 3216 1135 3269 et

118 3298 188 3348 οπερ
207 3299 233 3349 p.
255 3285 314 3348 114,
334 3281 367 3332 22
386 3277 497 3346 PBFb‚
516 3296 573 3347 mg.
593 3281 625 3335 V.

187 3430 211 3482 1.
232 3418 369 3480 ἐκάλεσεν
389 3419 477 3477 PBF.
531 3426 560 3476 2.
579 3416 687 3491 ῥητόνλ
702 3417 849 3489 ὀνομάτων
863 3423 893 3476 F.
948 3425 1131 3496 συγκεῖσθαι]

103 3498 306 3557 ιιαλεῐσθαιλἹ
334 3495 398 3572 (sed
419 3512 492 3553 corr.
510 3499 591 3563 mg).
665 3497 692 3544 1.
714 3487 848 3544 ἒτόλεοεν
861 3491 956 3543 Nm.
1019 3500 1052 3543 ε,
1070 3515 1137 3559 m.
