2378 3832
373 175 650 227 nnnrrnuroauu
667 175 776 227 muna
794 175 827 227 x,
1044 169 1109 236 219
1129 152 1133 160 ’

91 318 177 384 nalis
212 321 271 382 est.
327 317 377 382 ain
400 319 552 402 ¹spatium
584 321 674 382 reeta
704 317 856 382 rationali
887 322 920 384 et
950 321 1040 382 recta
1071 339 1110 382 ax

89 414 217 490 duobus
236 424 423 490 nominibus
442 424 555 508 quinta
574 423 865 508 comprehenditur,
889 428 979 490 recta
1002 425 1108 507 spatio

91 530 239 615 aequalis
263 530 423 616 quadrata
445 533 535 596 reeta
560 530 668 613 spatio
692 530 847 595 rationali
870 533 903 595 et
925 531 1030 595 medio
1057 552 1109 595 ae-

92 637 197 721 qualis
217 637 376 721 quadrata
395 640 444 702 est
464 639 568 721 [prop.
587 635 720 718 LVIIIJ.
757 636 866 720 itaque
889 640 978 701 reota
1002 637 1108 721 spatio

95 746 152 807 EI
172 743 319 826 aequalia
342 743 500 828 quadrata
522 747 613 807 reota
636 743 744 828 spatio
766 743 920 809 rationali
948 746 982 806 et
1003 741 1108 807 medio

96 850 238 932 aequalis
265 850 423 934 quadrata
446 853 503 914 est.
550 872 649 935 quare
673 850 771 914 etiam
794 852 885 914 recta
908 848 1015 933 spatio
1039 853 1109 912 ΑΔ

92 956 239 1039 aequalia
264 956 423 1039 quadrata
444 959 534 1020 recta
561 956 669 1040 spatio
693 956 846 1021 rationali
870 959 903 1021 et
926 955 1033 1020 medio
1059 974 1109 1019 aa·

91 1061 200 1145 qualia
224 1061 382 1146 quadrata
405 1066 464 1126 est.

158 1167 250 1253 Ergo
265 1168 381 1252 spatiis
399 1168 555 1233 rationali
574 1172 606 1233 et
622 1168 727 1234 medio
747 1170 935 1254 compositis
955 1171 1111 1253 quattuor

89 1275 301 1340 irrationales
325 1276 489 1359 oriuntur,
517 1278 573 1340 aut
600 1278 691 1340 reeta
714 1298 752 1341 ox
776 1276 900 1341 duobus
923 1275 1109 1340 nominibus

91 1386 151 1446 aut
174 1403 214 1446 ax
237 1381 361 1446 duabus
385 1381 499 1447 modiin
523 1381 629 1467 prima
652 1386 709 1447 aut
726 1382 831 1447 maior
854 1385 910 1447 aut
933 1382 1041 1466 spatio
1060 1402 1110 1445 ra·

91 1488 213 1553 tionali
236 1491 268 1552 et
291 1487 398 1554 madio
422 1488 566 1573 aequalia
590 1489 759 1575 quadrata3
784 1488 869 1573 quod
889 1492 960 1552 erat
978 1488 1110 1554 demon·

96 1594 272 1659 strandum.

538 1681 669 1748 LXXII.

160 1805 296 1873 Duobus
315 1807 429 1872 mediis
449 1807 513 1873 sibi
526 1806 905 1873 incommensurabilibus
920 1806 1110 1890 compositis

95 1915 239 2000 reliquae
254 1914 335 1979 duae
349 1914 557 1982 irrationales
573 1915 730 1997 oriuntur,
749 1916 806 1979 aut
823 1916 912 1978 reota
927 1933 965 1977 ox
984 1912 1109 1976 duabus

96 2020 210 2085 mediis
244 2021 384 2086 secunda
416 2025 474 2086 aut
505 2020 629 2085 duobus
664 2020 779 2104 spatiis
815 2018 931 2084 mediis
964 2018 1109 2103 aequalis

95 2128 263 2212 quadrata.
922 2132 929 2148 ⁸

162 2231 410 2318 componantur
418 2235 504 2300 enim
512 2233 573 2299 duo
582 2235 689 2300 media
697 2233 760 2298 sibi
768 2230 1111 2300 incommensurabilia

95 2343 127 2403 A
132 2343 171 2423 B,
185 2342 257 2406 ΓΛ.
295 2340 375 2424 diuo,
393 2345 516 2405 rectam
532 2340 638 2424 spatio
653 2343 724 2404 ΛΔ
738 2341 906 2424 aequalem
920 2338 1110 2425 quadratam

97 2450 154 2510 aut
173 2467 213 2510 ex
232 2444 355 2511 duabus
369 2447 492 2512 mediia‘
501 2446 676 2511 secundam
690 2466 761 2511 esse
780 2449 837 2511 aut
854 2446 980 2511 duobus
995 2444 1110 2529 spatiis

94 2551 210 2618 mediis
234 2552 403 2637 aequalem
426 2551 624 2636 quadratam.

161 2680 239 2723 nam
254 2661 311 2722 aut
323 2661 389 2722 AB
399 2660 511 2731 >ΓΔ
530 2660 587 2722 aut
605 2661 671 2721 AB
681 2660 800 2730 <ΓΔ.
838 2657 882 2721 ait
895 2654 989 2720 uerbi
1005 2655 1113 2738 gratia

95 2765 187 2850 priua
211 2769 276 2830 AB
291 2774 326 2837 >
340 2765 420 2848 ΓΔ,
448 2767 481 2827 et
503 2768 645 2849 ponatur
672 2767 762 2830 recta
783 2762 954 2829 rationalis
978 2766 1056 2846 ΕΖ,
1079 2768 1113 2829 ot

526 2872 633 2954 spatio
659 2874 725 2934 AB
753 2870 887 2954 aequale
914 2873 1022 2934 rectae
1049 2872 1113 2935 ΕΖ

329 2983 331 3051 l
526 2977 705 3060 adplicetur
724 2979 798 3041 ΕΗ
813 2975 1022 3041 latitudinem
1045 2975 1113 3041 effi·

329 3056 332 3194 l
526 3083 613 3148 ciens
631 3088 703 3168 Eo,
727 3083 833 3167 spatio
853 3090 961 3148 autem
980 3085 1044 3149 ΓΔ
1062 3103 1115 3149 aa·

318 3210 338 3258 Β
376 3213 401 3257 Δ
527 3191 621 3274 quala
649 3194 705 3254 ΘΙ
730 3188 937 3255 latitudinem
968 3189 1113 3255 afficiens

96 3317 126 3449 'l

96 3430 127 3563 ξζι

457 3313 478 3363 Ζ
526 3300 655 3362 ΘΚΛ
639 3297 838 3380 etquoniam
852 3296 1114 3380 utrumqquB‚

449 3344 485 3522 [Η
527 3406 589 3468 ΓΔ
601 3403 744 3467 medium
754 3406 814 3485 est,
828 3402 925 3466 etiam
940 3402 1132 3487 utrumqucji

452 3504 466 3560 Ῑ
526 3513 610 3596 ΕΗ,
627 3513 682 3578 ΘΙ
705 3509 858 3578 madium
874 3510 939 3572 adu
973 3502 1132 3566 atram
