2378 3832
111 131 154 195 72
497 130 698 183 ΣΤΟΙΧΕΙΩΝ
716 131 743 186 ε’.

109 272 306 362 λόγραμμον
336 270 373 341 τὸ
399 279 477 340 ΜΚ
503 269 627 352 πλάτος
655 275 778 340 ποιοῦν
808 273 870 358 τὴν
893 278 974 358 ΘΚ,
1001 271 1057 339 καὶ
1081 276 1128 339 ἔτι

109 383 155 472 τῷ
188 387 255 448 ΒΕ
285 387 361 447 ἴσον
393 377 517 467 ὁμοίως
545 379 635 465 παρὰ
665 377 728 466 τὴν
757 385 835 447 ΚΝ
857 378 1128 468 παραβεβλήσθω

110 483 147 554 τὸ
181 491 254 553 NA
285 484 411 565 πλάτος
441 489 566 553 ποιοῦν
596 483 660 572 τὴν
690 492 773 553 ΚΛ·
807 483 858 553 ἐπ’
894 482 1030 563 εὐθείας
1061 482 1128 573 ἄρα

110 592 198 660 εἰσὶν
225 593 263 658 αλ
289 598 362 677 ΖΘ,
386 598 463 678 ΘΚ,
487 598 565 659 ΚΛ.
616 590 685 658 ἐπεὶ
714 583 777 660 οὖν
806 593 909 678 μέσον
937 590 1027 659 ἐστὶν
1055 591 1128 658 ἑκά-

75 723 208 786 ῡτερον
236 709 305 767 τῶν
333 705 414 784 ΛΔ,
438 705 518 783 ΒΕ,
544 703 604 765 καί
624 699 714 766 ἐστιν
743 706 818 767 ἴσον
841 697 878 766 πὸ
903 696 964 783 μὲν
988 704 1058 762 AA
1081 699 1128 788 τῷ

111 812 189 892 ΗΘ,
213 807 250 874 τὸ
273 804 311 872 δὲ
333 811 399 872 ΒΕ
419 808 465 895 τῷ
484 810 523 872 Ν
525 811 567 889 Λ,
591 805 694 890 μέσον
718 803 783 893 ἄρα
805 805 861 872 καὶ
884 804 1041 890 ἑκάτερον
1059 804 1128 869 τῶν

109 918 188 998 ΗΘ,
207 917 288 979 NA.
320 908 376 977 καὶ
394 907 484 998 παρὰ
509 909 614 997 ῥητὴν
636 907 698 996 τὴν
723 916 795 977 ΖΗ
813 909 1021 997 παράκειται·
1046 910 1130 996 ῥητὴ

110 1016 175 1104 ἅμα
198 1017 289 1085 ἐστὶν
313 1017 450 1105 ἑκατέρα
476 1019 545 1085 τῶν
574 1023 647 1102 ΖΘ,
670 1023 704 1084 Κ
709 1022 740 1083 A
766 1015 822 1084 καὶ
850 1014 1061 1103 ἀσύμμετρος
1089 1019 1128 1103 τῇ

109 1130 182 1190 ΖΗ
205 1122 309 1210 μήκει.
347 1122 403 1189 καὶ
429 1123 497 1190 ἐπεὶ
523 1121 713 1210 σύμμετρόν
737 1123 865 1191 ἐστιτὰ
890 1130 960 1190 ΛΑ
982 1125 1028 1213 τῷ
1053 1128 1129 1205 ΒΕ,

57 1254 90 1303 10
110 1229 300 1317 σύμμετρον
328 1227 395 1318 ἄρα
424 1228 493 1296 ἐστὶ
521 1228 577 1296 καὶ
604 1227 641 1297 πὸ
672 1236 741 1297 ΗΘ
763 1232 808 1320 τῷ
831 1235 912 1297 NA.
957 1234 1017 1295 καί
1038 1229 1128 1295 ἐστιν

110 1332 156 1415 ὡς
178 1333 216 1402 τὸ
240 1341 310 1402 ΗΘ
333 1333 418 1424 πρὸς
440 1333 477 1403 τὸ
501 1341 588 1421 ΝΛ,
612 1336 718 1415 οὕτως
739 1333 760 1422 ἡ
786 1342 846 1403 ΖΘ
869 1334 951 1420 πρὸς
968 1333 1032 1421 τὴν
1050 1339 1127 1400 ΚΛ·

110 1440 298 1529 σύμμετρος
318 1440 384 1530 ἄρα
403 1440 493 1509 ἐστὶν
512 1438 533 1528 ἡ
553 1448 615 1509 ΖΘ
632 1445 672 1529 τῇ
690 1448 759 1509 ΚΛ
778 1441 882 1528 μήκει.
912 1445 950 1508 αἱ
967 1447 1039 1526 ΖΘ,
1058 1447 1094 1507 Κ
1098 1446 1129 1507 A

111 1545 178 1634 ἅμα
206 1549 306 1634 ῥηταί
332 1551 397 1614 εἰσι
425 1547 521 1635 μήκει
550 1547 744 1636 σύμμετροι·
773 1546 876 1634 ῥητὸν
905 1545 970 1634 ἅμα
998 1547 1067 1614 ἐστὶ
1090 1544 1129 1614 τὸ

110 1651 178 1721 ὑπὸ
202 1657 270 1722 τῶν
295 1659 367 1739 ΖΘ,
387 1660 465 1722 ΚΛ.
506 1654 562 1722 καὶ
586 1654 656 1722 ἐπεὶ
679 1661 735 1740 ἴση
759 1653 850 1723 ἐστὶν
872 1651 893 1740 ἡ
917 1653 978 1739 μὲν
998 1660 1064 1719 ΔΒ
1087 1661 1128 1740 τῇ

57 1785 92 1833 15
112 1768 194 1846 BA,
217 1758 238 1847 ἡ
263 1760 301 1829 δὲ
323 1761 385 1838 ΞΒ
404 1764 443 1849 τῇ
463 1767 540 1848 ΒΓ,
564 1765 655 1830 ἔστιν
678 1759 744 1849 ἅμα
767 1757 812 1841 ὥς
834 1757 855 1847 ἡ
876 1767 942 1826 ΛΒ
960 1758 1044 1844 πρὸς
1066 1756 1128 1844 τὴν

111 1872 190 1951 ΒΓ,
214 1864 321 1948 οὕτως
343 1863 364 1953 ἡ
389 1875 454 1935 ΑΒ
477 1866 561 1955 πρὸς
582 1865 644 1954 τὴν
662 1870 730 1945 ΒΞ.
773 1862 847 1935 ἀλλ’
873 1863 918 1946 ὡς
940 1865 1002 1951 μὲν
1021 1862 1041 1951 ἡ
1061 1871 1129 1930 ΔΒ

109 1970 194 2060 πρὸς
221 1970 284 2059 τὴν
312 1978 388 2060 ΒΓ,
414 1971 520 2053 οὕτως
546 1972 679 2054 τὸΛΑ
706 1972 789 2060 πρὸς
811 1975 849 2040 τὸ
871 1978 953 2039 ΑΓ·
979 1968 1023 2050 ὡς
1046 1967 1128 2056 ij

110 2086 177 2146 AB
200 2077 284 2164 πρὸς
306 2077 369 2164 τὴν
392 2081 468 2166 ΒΞ,
497 2077 605 2158 οὕτως
627 2077 666 2145 πὸ
684 2085 753 2146 ΑΓ
771 2075 854 2166 πρὸς
876 2077 913 2146 τὸ
937 2080 1008 2155 ΓΞ·
1038 2081 1128 2144 ἔστιν

110 2182 177 2271 ἅμα
206 2180 252 2262 ὡς
274 2184 311 2251 τὸ
335 2191 407 2252 ΔΛ
429 2182 512 2272 πρὸς
535 2182 572 2253 τὸ
596 2191 677 2271 ΑΓ,
707 2185 813 2264 οὕτως
835 2183 872 2252 τὸ
897 2191 966 2252 ΑΓ
983 2181 1068 2267 πρὸς
1090 2185 1129 2249 τὸ

56 2313 91 2363 20
110 2292 178 2368 ΓΞ.
227 2297 303 2357 ἴσον
331 2291 371 2358 δέ
396 2293 465 2358 ἐστι
492 2289 530 2359 τὸ
559 2275 620 2378 μὲν
647 2299 720 2358 ΑΔ
746 2295 792 2382 τῷ
823 2297 904 2377 ΗΘ,
932 2288 969 2358 τὸ
999 2288 1036 2356 δὲ
1064 2293 1133 2355 ΑΓ

110 2399 155 2487 τῷ
184 2403 279 2483 ΜΚ,
307 2393 345 2464 τὸ
374 2395 413 2465 δὲ
439 2399 502 2474 ΓΞ
526 2406 571 2489 τῷ
598 2403 683 2464 ΝΛ·
712 2401 802 2465 ἔστιν
830 2395 895 2481 ἄρα
923 2395 968 2476 ὡς
994 2393 1032 2462 τὸ
1061 2400 1130 2462 ΗΘ

109 2501 193 2591 πρὸς
216 2502 254 2570 πὸ
277 2509 371 2588 ΜΚ,
393 2500 500 2583 οὕτως
522 2504 560 2571 τὸ
579 2510 658 2571 ΜΚ
679 2501 762 2591 πρὸς
783 2501 821 2571 πὸ
840 2510 924 2571 ΝΛ·
948 2506 1038 2569 ἔστιν
1062 2499 1128 2587 ἄρα

108 2609 165 2676 καὶ
193 2606 238 2689 ὦς
264 2605 285 2695 ἡ
310 2616 372 2676 ΖΘ
392 2608 476 2695 πρὸς
504 2607 565 2695 τὴν
589 2615 668 2696 ΘΚ,
697 2607 803 2690 οὕτως
825 2606 846 2695 ἡ
870 2615 938 2676 ΘΚ
959 2607 1042 2694 πρὸς
1065 2607 1128 2693 τὴν

108 2719 145 2781 Κ
150 2721 192 2782 A·
217 2711 255 2781 τὸ
278 2713 344 2802 ἄρα
366 2711 432 2782 ὑπὸ
450 2718 519 2784 τῶν
536 2721 609 2802 ΖΘ,
627 2722 697 2783 KA
721 2723 796 2783 ἴσον
820 2715 888 2783 ἐστὶ
911 2718 957 2805 τῷ
982 2711 1047 2781 ἀπὸ
1070 2716 1129 2799 τῆς

55 2842 90 2892 25
110 2826 184 2889 ΘΚ.
227 2818 330 2907 ῥητὸν
354 2819 393 2889 δὲ
413 2819 451 2889 τὸ
474 2818 541 2890 ὑπὸ
564 2825 633 2889 τῶν
655 2828 727 2907 ΖΘ,
746 2827 825 2888 ΚΛ·
854 2820 957 2907 ῥητὸν
976 2818 1042 2904 ἄρα
1059 2818 1128 2886 ἐστὶ

109 2926 164 2993 καὶ
191 2922 230 2994 τὸ
257 2923 323 2993 ἀπὸ
351 2930 410 3013 τῆς
432 2934 510 2995 ΘΚ·
538 2925 621 3014 ῥητὴ
652 2926 717 3014 ἅμα
740 2928 830 2996 ἐστὶν
854 2924 874 3013 ἡ
900 2933 973 2995 ΘΚ.
1019 2925 1075 2992 καὶ
1099 2928 1130 2992 εἰ

109 3031 171 3118 μὲν
194 3030 381 3119 σύμμετρός
403 3036 472 3101 ἐστι
494 3038 534 3122 τῇ
555 3040 627 3101 ΖΗ
645 3034 752 3120 μήκει,
776 3032 878 3120 ῥητόν
902 3035 970 3101 ἐστι
989 3034 1026 3099 τὸ
1045 3037 1128 3099 ΘΝ·

183 3197 209 3247 2.
234 3191 294 3245 ἴσον
318 3222 351 3232 -
375 3193 454 3264 ΚΝ]
481 3211 537 3264 mg.
561 3211 597 3248 m.
620 3199 634 3247 l
657 3192 693 3260 F,
723 3192 753 3246 in
776 3194 855 3247 textu
878 3188 953 3263 ἄλλῳ
975 3187 1053 3260 παρὰ
1076 3188 1129 3259 τὴν

111 3264 182 3316 ΚΝ.
255 3268 280 3317 4.
300 3261 347 3334 αἱ]
369 3279 436 3319 corr.
457 3280 490 3318 ex
508 3265 559 3318 ταί
573 3264 595 3318 F
614 3282 651 3317 m.
674 3268 697 3331 1,
717 3280 801 3332 supra
819 3281 856 3319 m.
876 3268 892 3316 2
911 3264 942 3320 P.
1011 3269 1035 3316 6.
1055 3261 1130 3333 NA]

112 3334 145 3386 N
162 3347 177 3385 e
196 3349 265 3387 corr.
282 3332 313 3421 λζ
369 3330 431 3417 ἅμα.
446 3329 507 3390 ἐστι’
522 3334 555 3390 V.
614 3339 638 3389 7.
658 3333 729 3459 NA}
749 3334 930 3389 MAbetF
952 3336 998 3403 (M
1008 3332 1037 3386 in
1052 3334 1130 3401 ram).

148 3403 222 3456 Ante
237 3399 306 3472 ὅηπη
321 3405 511 3460 ras.bl1tt.V.
565 3411 588 3460 8.
611 3401 699 3476 ἐστίν]
731 3402 775 3459 στὶ
784 3405 837 3459 καί
847 3404 881 3459 V.
937 3410 961 3461 9.
985 3403 1035 3459 καὶ
1054 3398 1131 3472 ἐπεί]

106 3467 172 3525 ἐπεὶ
188 3466 242 3526 οὖν
256 3475 352 3530 Theon
368 3474 503 3546 (BFVb).
566 3481 606 3529 10.
623 3472 698 3530 ἐστίν
717 3475 747 3528 Ρ.
802 3471 845 3546 τό]
860 3473 971 3529 MP.
1025 3477 1086 3529 ΘΗ
1097 3475 1132 3530 F.
