2378 3832
447 796 730 870 PRAEFATIO.

146 1061 187 1126 ln
220 1062 260 1126 iis
290 1060 535 1125 Elementorum
568 1060 675 1146 libris,
708 1061 763 1146 qui
795 1061 858 1127 hoc
891 1061 1097 1128 continentur

80 1166 261 1250 uolumine,
289 1166 497 1231 emendandis
521 1188 580 1251 pro
603 1165 816 1232 fundamento
843 1166 945 1232 habui
969 1167 1096 1233 codices

79 1271 221 1355 PBFV,
244 1273 283 1336 de
308 1271 424 1356 quibus
448 1271 597 1336 uideatur
621 1273 744 1356 breuis,
774 1295 872 1358 quam
896 1273 969 1339 dedi
992 1273 1056 1338 uol.
1080 1273 1097 1338 I

80 1403 112 1464 p.
132 1377 317 1456 VHl-IX,
333 1377 473 1460 notitia3
497 1378 639 1445 codicem
662 1378 923 1444 BodleianumB
947 1380 981 1444 in
1004 1380 1097 1444 libris

83 1482 289 1569 vni-w)
325 1483 462 1548 contulit
495 1483 536 1549 H.
569 1485 698 1572 Menge.
745 1485 891 1551 Parisino
921 1486 1007 1550 2466
1037 1483 1096 1570 (p)

87 1591 123 1654 in
143 1590 212 1656 solo
230 1590 314 1654 libro
333 1588 400 1654 VII
419 1590 468 1655 uti
486 1591 589 1674 potui,
611 1612 715 1674 neque
735 1593 847 1676 magni
865 1596 915 1656 est
933 1592 1099 1656 momenti.

86 1697 143 1762 sed
176 1719 248 1762 oum
276 1696 419 1761 omnium
449 1695 690 1761 Theoninorum
720 1698 863 1781 optimus
887 1697 987 1762 codex
1014 1696 1097 1762 Lau-

83 1804 252 1869 rentianus
280 1802 306 1866 F
329 1802 405 1867 inde
433 1825 453 1867 a
480 1802 560 1882 VH,
590 1803 630 1868 12
657 1826 689 1887 p.
718 1803 798 1886 216,
825 1803 869 1868 20
898 1802 939 1867 ad
965 1803 1026 1888 IX,
1056 1803 1097 1868 15

79 1933 110 1995 p.
136 1911 210 1994 378,
235 1910 255 1974 6
280 1910 428 1975 deficeret
448 1947 486 1958 -
507 1932 584 1975 nam
608 1931 679 1974 eam
698 1909 817 1974 codicis
840 1913 976 1994 partem,
1000 1931 1097 1994 quam

78 2017 191 2082 littera
221 2039 246 2099 φ
278 2015 473 2101 significaui,
501 2037 633 2099 prorsus
661 2016 811 2081 inutilem
840 2037 925 2100 esse,
954 2016 1098 2100 adparet,

79 2122 120 2188 de
157 2143 222 2205 qua
257 2143 293 2186 re
330 2121 365 2185 in
401 2120 642 2206 prolegomenis
675 2121 851 2186 uoluminis
884 2118 933 2186 IV
965 2121 1096 2186 uberius

81 2248 179 2314 agam
201 2264 251 2312 -‚
275 2231 308 2291 et
330 2249 402 2292 oum
426 2226 495 2293 cod.
519 2224 734 2291 Bononiensis
758 2227 779 2290 b
803 2224 848 2312 (u.
867 2227 931 2291 uol.
950 2226 966 2290 I
985 2250 1016 2311 p.
1033 2225 1096 2313 IX)

82 2357 102 2398 a
120 2332 311 2398 Florentino
330 2334 366 2397 in
388 2333 449 2398 hac
472 2333 602 2417 quidem
626 2336 720 2418 parte
742 2354 810 2397 non
833 2333 930 2416 longe
949 2332 1097 2416 distaret,

80 2463 157 2505 eum
182 2462 201 2503 a
224 2438 297 2522 VII,
319 2439 360 2504 13
383 2439 424 2503 ad
446 2438 503 2524 lx,
524 2438 566 2503 15
589 2439 651 2504 hoc
673 2459 759 2503 anno
782 2437 950 2503 Bononiae
975 2438 1097 2503 contuli

81 2550 116 2610 et
142 2545 296 2610 hocloco
315 2545 494 2628 scripturae
520 2544 770 2628 discrepantiam
789 2542 921 2609 notabo.
959 2544 1000 2608 ad
1024 2567 1098 2628 sup

82 2651 238 2736 plendum
262 2651 454 2736 adparatum
478 2649 625 2714 criticum
647 2649 684 2713 in
701 2649 796 2714 libris
810 2646 983 2714 VIII-IX
997 2650 1097 2716 etiam

79 2757 148 2823 cod.
173 2756 311 2822 Parisin.
330 2755 385 2821 Gr.
404 2756 493 2822 2344
516 2752 566 2841 (q)
586 2754 764 2820 membran.
784 2775 865 2820 saec.
883 2753 948 2819 ΧΠ
966 2757 1098 2843 contuli,

79 2864 136 2948 qui
163 2865 202 2926 ut
228 2861 392 2927 Hauniam
422 2862 712 2945 transmitteretur,
740 2859 960 2926 intercedente
988 2885 1098 2945 prae-

77 2968 185 3034 fecto
208 2967 481 3033 bibliothecae
505 2968 635 3053 regiae
657 2966 899 3032 Hauniensis
918 2991 939 3032 a
956 2967 1097 3033 liberali-

82 3079 152 3140 tate
166 3059 407 3139 bibliotbecarii
419 3073 614 3139 Parisiensis
629 3071 817 3158 Leopoldi
832 3072 984 3138 Delisle
1002 3074 1096 3139 faoil'e

150 3267 177 3336 1)
196 3267 230 3320 In
252 3266 296 3320 his
319 3265 427 3321 duobus
453 3255 535 3320 libris
559 3265 595 3320 ab
620 3264 698 3334 VIII,
725 3272 758 3320 17
780 3267 814 3321 de
833 3287 849 3320 v
874 3266 984 3332 littera,
1013 3280 1097 3332 quam

77 3333 286 3406 ἕφελκυστικόν
313 3339 429 3404 nocant,
457 3336 505 3392 uel
534 3337 638 3392 omissa
665 3337 712 3391 nel
744 3337 842 3392 addita
868 3337 898 3391 in
923 3336 945 3389 B
970 3334 1043 3390 nihil
1067 3333 1098 3386 in

76 3407 230 3463 collatione
249 3407 416 3463 adnotatum
435 3410 503 3463 erat.
1091 3438 1132 3528 Ι
