2378 3832
373 179 648 233 ELEMENTORUM
664 181 774 232 maan
791 181 824 232 x,
1061 173 1104 238 29

86 319 251 384 amabiles
279 326 384 386 erunt.
421 327 456 387 at
482 345 550 388 non
580 327 664 389 sunt
701 343 779 408 ergo
804 318 920 387 A²:B²
942 320 1103 385 rationem

84 451 155 494 non
186 429 303 512 habet,
337 451 434 513 quam
463 451 617 495 numerus
650 429 827 515 quadratus
860 426 901 491 ad
933 448 1102 492 numerum

85 534 292 620 quadratum.

100 648 101 652 ’
155 643 222 706 iam
246 663 358 706 rursus
382 639 498 706 ΑΨ
521 644 683 707 rationem
704 640 900 723 dehabeat,
924 661 1022 723 quam
1044 661 1102 704 nu·

88 770 199 813 merus
218 747 395 833 quadratus
415 750 456 815 ad
478 742 650 814 numerum
674 747 878 832 quadratum.
915 745 998 829 dico,
1024 749 1104 810 Aet

86 860 116 919 B
139 855 344 939 longitudine
367 855 709 921 incommensurabiles
733 875 813 919 esse.

154 983 232 1026 nam
256 963 285 1026 si
306 968 339 1027 A
362 967 396 1027 et
418 967 447 1027 B
470 961 778 1027 commensurabiles
801 963 891 1041 sunt,
915 955 1030 1023 A²:B²
1051 979 1102 1023 ra-

86 1068 214 1133 tionem
232 1067 378 1147 habebit,
397 1091 494 1153 quam
512 1090 666 1133 numerus
683 1067 860 1152 quadratus
877 1065 918 1130 ad
931 1087 1101 1129 numerum

85 1173 291 1258 quadratum.
328 1178 364 1239 at
389 1196 457 1239 non
484 1175 593 1239 habet.
629 1194 706 1258 ergo
734 1179 766 1237 A
790 1175 822 1236 et
846 1176 875 1236 B
897 1171 1101 1256 longitudine

84 1280 397 1345 commensurabiles
420 1302 485 1345 non
505 1284 590 1345 sunt.

154 1386 246 1472 Ergo
270 1386 430 1472 quadrata
451 1390 613 1451 rectarum
636 1384 838 1470 longitudine
864 1405 1101 1449 commensura-

83 1493 214 1577 bilium‚
237 1496 271 1556 et
293 1514 374 1576 quae
397 1497 581 1577 sequuntur.

458 1702 729 1770 Corollarium.

120 1856 127 1866 1
153 1828 205 1894 Ex
219 1830 270 1914 iis,
285 1851 367 1914 quae
381 1829 685 1911 demonstrauimus,
699 1827 908 1902 manifestum
923 1830 981 1909 est,
994 1829 1099 1890 rectas

83 1935 294 2020 longitudine
326 1935 632 2001 commensurabiles
665 1954 793 2017 semper
822 1932 921 1996 etiam
953 1934 1099 2016 potentia

84 2196 157 2235 corr.
177 2181 208 2234 F.
281 2187 306 2234 9.
331 2179 369 2251 εἰ]
392 2181 422 2234 in
440 2198 492 2235 ras.
511 2180 541 2234 P.
615 2179 693 2235 ἔσται
711 2178 741 2232 Ρ.
816 2184 857 2234 10.
883 2174 1099 2248 Ατετράγωνον

72 2251 169 2310 ‚Bra
224 2249 437 2321 Βτετράγωνον
451 2252 533 2305 BFb.
590 2257 633 2305 12.
650 2250 754 2304 PostB
774 2250 837 2304 add.
852 2245 1029 2321 ἀσύμμετρος
1042 2247 1099 2319 ἄρα

84 2317 163 2377 ἐστὶν
184 2319 204 2391 ἡ
227 2327 249 2375 A
272 2322 306 2391 τῇ
329 2327 351 2375 Β
375 2322 462 2392 FVb,
486 2322 510 2374 B
533 2340 570 2376 m.
594 2327 618 2375 2.
697 2326 738 2376 13.
762 2320 831 2375 Post
852 2321 1016 2392 συμμέτρων
1034 2321 1098 2376 add.

83 2388 213 2479 ευθειῶν
226 2388 389 2480 τετράγωνα
403 2389 473 2482 orode
487 2388 593 2480 diluto
605 2389 690 2461 λόγον
701 2385 816 2475 ἔχεικὸν
826 2390 1000 2461 τετράγωνος
1015 2387 1098 2480 ἄμυθ-

83 2457 1099 2606 tlt“lttttltltll“llttlailtbtvffdd'sllttblf‘l.

123 2609 166 2658 17.
191 2601 242 2675 οὐ]
265 2605 295 2660 in
313 2623 367 2660 ras.
382 2607 413 2673 F,
437 2603 587 2676 σύμμετροι
606 2599 639 2660 οὖ
660 2606 694 2659 V.
767 2606 864 2728 εἴπερὲ
885 2620 954 2658 corr.
975 2620 1007 2658 ex
1025 2600 1099 2674 ἤπερ

83 2693 122 2728 m.
142 2680 159 2728 2
177 2674 214 2728 V.
285 2672 334 2747 τά]
359 2693 429 2731 corr.
449 2695 483 2732 ex
500 2683 559 2740 τοῖς
582 2695 619 2731 m.
640 2681 654 2728 1
673 2674 702 2729 F.
776 2680 818 2729 21.
865 2676 910 2729 ost
928 2672 1011 2744 μήκει
1034 2675 1097 2730 add.

82 2741 134 2800 ιἰεί
150 2763 188 2801 m.
208 2751 224 2799 2
244 2746 274 2800 B.
331 2745 401 2818 εἰσί]
421 2763 475 2802 om.
495 2748 525 2801 P.
597 2753 640 2802 23.
659 2743 725 2815 ὅσα]
745 2736 834 2814 va,
853 2762 922 2799 corr.
941 2763 997 2815 mg.
1016 2765 1053 2801 m.
1075 2752 1099 2803 1.

119 2813 285 2902 τετράμυνα
302 2817 386 2887 λόγον
400 2815 459 2888 ἔχει
471 2815 542 2888 πρὸς
558 2813 663 2886 ἄλληλα
680 2817 711 2872 F.
765 2822 808 2870 26.
827 2812 1001 2885 τετράγωνος
1014 2814 1099 2885 ἀριθ-

83 2885 137 2956 μὸς
159 2906 233 2958 προς
254 2885 430 2958 τετράγωνον
453 2885 578 2960 ἀριθμόν
601 2888 713 2943 BFVb.
794 2887 862 2941 Post
884 2882 1010 2957 ἀριθμόν
1033 2889 1098 2944 add.

84 2974 148 3029 οἷον
166 2970 182 3030 ὁ
202 2981 217 3031 2
235 2975 286 3031 nul
304 2972 319 3031 ὁ
339 2981 368 3043 ξ·
387 2973 403 3031 ὁ
422 2973 476 3047 γὰρ
495 2979 510 3044 ξ
528 2973 599 3046 πρὸς
610 2973 787 3046 ιὸνλλόγον
801 2972 854 3031 οὖν
870 2974 936 3046 ἔχει,
956 2971 989 3030 ὃν
1003 2973 1098 3045 τετρά-

83 3065 175 3113 γωνος
183 3041 309 3117 ἀριθμὸς
318 3043 389 3118 πρὸς
397 3045 573 3118 τετράγωνον
583 3043 717 3117 ἀριθμόν,
733 3045 885 3118 σύμμετροι
895 3047 941 3102 de'·
961 3044 994 3101 αἱ
1005 3047 1037 3102 δὲ
1053 3043 1098 3102 εὖ·

83 3119 177 3204 θεῖαι)
192 3114 211 3171 ἄ
233 3112 242 3134 ’
259 3109 300 3172 ὧν
314 3113 526 3189 ἀνεγράφησαν,
540 3114 715 3189 ἀσύμμετροί
724 3117 808 3173 εἰσιν·
827 3115 862 3173 τὰ
872 3114 926 3187 γὰρ
936 3112 1098 3187 τετράγωνα

83 3182 175 3256 ἄλογα
194 3207 207 3242 e
239 3204 278 3243 ιν·
297 3183 367 3244 ὥστε
387 3181 440 3244 οὖν
459 3187 492 3243 αἱ
508 3187 591 3260 μήκει
610 3189 763 3259 σύμμετροι
779 3186 892 3250 πάντως
905 3189 954 3242 καὶ
969 3184 1097 3257 δυνάμει,

83 3253 119 3311 αἱ
129 3255 163 3313 δὲ
178 3255 300 3328 δυνάμει
314 3255 348 3315 οὐ
363 3257 476 3322 πάντως
489 3260 539 3315 καὶ
552 3257 636 3330 μήκει
650 3261 676 3315 b.
722 3266 765 3314 28.
780 3256 837 3314 ἀλλ’
854 3258 943 3313 BFV.
990 3253 1097 3329 ἁπλῶς]

84 3343 139 3382 om.
159 3329 215 3398 Fb,
233 3347 271 3384 m.
290 3337 306 3384 2
325 3330 356 3386 Β.
429 3325 476 3402 ὅν]
496 3326 530 3386 ὃν
549 3327 644 3402 ἕτερός
662 3352 704 3396 τις
721 3330 834 3388 BFVb.
