2378 3832
357 191 633 244 ELEMENTORUM
650 193 759 245 LIBER
777 194 811 246 X.
1028 190 1091 255 197

143 338 372 417 comparentur
402 334 532 419 eadem,
565 357 647 419 quac
679 338 785 400 antea.
839 337 905 401 iam
939 336 1093 421 quoniam

75 443 143 503 AB
166 443 257 505 recta
280 444 331 506 est
353 441 460 526 spatio
483 442 636 506 rationali
664 445 697 506 et
722 441 828 506 madio
852 443 993 527 aequalis
1018 465 1094 527 qua·

75 545 170 611 drata
184 547 220 610 in
234 548 268 610 Γ
280 547 395 630 diuisa,
414 553 447 611 A
452 550 489 629 Γ,
505 550 566 612 ΓΒ
584 548 734 632 potentia
748 548 1093 614 incommensurabiles

76 655 154 717 sunt
183 651 360 718 efficientes
389 674 549 717 summam
574 653 806 736 quadratorum
831 653 984 738 mediam,
1010 659 1092 720 rect-

78 759 234 843 angulum
258 762 364 823 autem
391 758 550 823 rationale
579 761 688 842 [prop.
711 758 799 841 XL].
844 761 911 824 iam
939 761 1093 844 quoniam

74 863 160 929 ΑΡ
177 867 218 946 -Ι-
236 862 315 929 r13²
342 865 485 929 medium
513 867 578 948 est,
606 868 676 929 ΔΛ
703 865 845 930 medium
873 869 934 931 est.
984 867 1094 950 itaque
1122 868 1151 909 ⁰

74 975 162 1035 AM
173 971 345 1036 rationalis
360 973 411 1034 est
423 975 455 1035 et
468 975 577 1035 rectae
593 974 664 1035 ΔΕ
674 971 880 1056 longitudine
894 973 1093 1037 incommen-

74 1076 230 1142 surabilis
255 1079 358 1160 [prop.
380 1076 498 1158 XXIIJ.
544 1098 655 1141 rursus
679 1078 831 1161 quoniam
854 1079 1007 1147 2AF><
1022 1081 1094 1162 ΓΒ,

73 1184 139 1249 hoc
158 1186 210 1248 est
223 1186 306 1264 ΜΖ,
323 1182 483 1247 rationale
503 1185 562 1266 est,
581 1186 660 1247 ΜΗ
677 1182 849 1248 rationalis
866 1187 916 1248 cst
935 1188 968 1248 et
985 1187 1093 1250 rectae

75 1292 149 1354 ΔΕ
170 1287 472 1352 commensurabilis
498 1290 606 1372 [prop.
628 1287 716 1367 XX].
761 1289 870 1372 itaque
898 1295 991 1373 AM,
1014 1294 1098 1355 MH

74 1394 421 1460 incommensurabiles
436 1397 513 1458 sunt
529 1395 638 1478 [prop.
651 1393 756 1475 XIIIJ.
794 1417 892 1479 quare
912 1399 1000 1479 AM,
1015 1399 1095 1460 ΜΗ

76 1500 257 1567 rationales
272 1502 515 1585 sunt'potentia
528 1504 656 1565 tantum
671 1502 985 1567 commensurabiles.
1015 1523 1094 1588 ergo

82 1611 157 1672 ΔΗ
175 1629 215 1670 ex
239 1606 365 1672 duobus
388 1606 575 1671 nominibus
599 1609 649 1671 est
673 1609 777 1689 [prop.
799 1606 964 1688 XXXVI].

146 1714 212 1778 iam
236 1713 317 1796 dico,
341 1713 476 1777 eandem
500 1713 647 1797 quintam
671 1734 750 1776 esse.

145 1841 222 1884 nam
242 1819 394 1885 similiter
412 1819 717 1901 demonstrabimus,
741 1839 810 1883 esse
830 1823 903 1882 ΔΚ
911 1822 1094 1887 ><KM==

77 1928 160 1991 MN
164 1923 177 1961 ²
188 1929 220 1990 et
231 1929 309 2008 AK,
317 1928 395 1990 ΚΜ
402 1925 606 2009 longitudine
616 1925 967 1990 incommensurabiles.
984 1925 1095 2010 itaque

76 2036 115 2096 A
122 2029 177 2096 M²
201 2030 328 2096 excedit
350 2027 447 2096 ΜΗ2
470 2031 629 2115 quadrato
651 2033 758 2094 rectae
778 2029 841 2094 sibi
860 2051 1096 2096 commensura·

75 2139 156 2203 bilis
182 2140 291 2222 [prop.
314 2136 455 2218 XV1111.
501 2160 517 2202 a
562 2141 654 2219 AM,
677 2138 762 2201 ΜΗ
783 2138 934 2220 potentia
965 2141 1095 2203 tantum

75 2243 390 2310 commensurabiles
410 2248 495 2327 sunt,
518 2247 550 2307 et
572 2244 679 2307 minor
701 2245 785 2308 ΜΗ
802 2246 910 2308 rectae
934 2249 1004 2310 ΔΕ
1025 2245 1095 2310 lon-

76 2349 230 2436 gitudine
253 2349 555 2413 commensurabilis
579 2352 637 2413 est.

147 2454 240 2540 Ergo
264 2458 341 2519 AH
364 2476 403 2519 ex
431 2455 557 2519 duobus
585 2454 771 2519 nominibus
798 2459 848 2520 est
871 2455 985 2539 quinta
1009 2455 1095 2535 [deff.

77 2562 137 2628 alt.
163 2560 213 2644 5];
237 2561 322 2643 quod
347 2565 417 2626 erat
439 2560 734 2626 demonstrandum.
767 2606 768 2609 κ

538 2736 639 2804 LXV.

149 2860 351 2937 Quadratum
361 2865 468 2926 rectae
478 2860 603 2926 duobus
615 2862 728 2945 spatiis
739 2861 852 2927 mediis
863 2862 1008 2946 aequalis
1020 2885 1096 2947 qua-

86 2966 196 3032 dratae
223 2971 331 3032 rectae
358 2967 512 3033 rationali
541 2966 739 3052 adplicatum
766 2967 973 3034 latitudinem
996 2968 1096 3034 efficit

82 3075 204 3139 rectam
228 3095 268 3138 ex
291 3074 416 3139 duobus
438 3073 626 3138 nominibus
649 3076 783 3140 sextam.

148 3177 198 3244 Sit
220 3183 286 3243 AB
313 3184 404 3244 recta
427 3178 552 3244 duobus
576 3178 691 3261 spatiis
714 3179 828 3244 mediis
852 3180 996 3267 aequalis
1020 3202 1097 3266 qua·
1157 3252 1172 3275 „

77 3405 115 3443 m.
136 3393 153 3443 2
172 3388 202 3443 ll.
278 3393 321 3442 20.
340 3386 416 3459 AH]
440 3386 612 3455 AMPBb,
637 3391 698 3441 ΔΗ
713 3387 742 3442 in
760 3404 815 3444 ras.
834 3389 873 3456 V,
896 3387 1014 3442 mutin
1032 3388 1102 3442 AM

78 3477 116 3514 m.
137 3465 154 3515 2
172 3457 203 3513 F.
276 3454 348 3526 ὅπερ
367 3456 428 3513 ἔδει
446 3458 550 3530 δεῖξαι]
570 3474 660 3530 comp.
674 3457 707 3527 P,
725 3476 782 3516 om.
797 3459 893 3516 suu.
957 3452 1049 3511 ‘amu'
1068 3458 1111 3507 ba.

116 3524 182 3600 τήν]
198 3526 288 3599 ῥητὴ
304 3526 356 3600 τήν
370 3529 402 3585 F.
476 3529 528 3607 τῷ]
549 3548 622 3593 corr.
640 3550 679 3590 ex
696 3528 729 3590 τὸ
749 3551 791 3589 m.
808 3532 883 3588 al.
