2378 3832
362 168 636 224 ELEMENTORUM
654 173 763 223 LIBER
780 173 813 224 X.
1051 169 1093 233 57

86 309 378 400 demonstrandum,
401 318 469 379 ΒΔ
488 320 522 380 et
541 317 613 379 ΔΓ
632 314 835 401 longitudine
858 315 1095 380 incommensu-

91 411 204 484 rabiles
225 442 303 486 esse.

153 524 263 592 iisdem
285 529 373 593 enim
398 528 595 611 comparatis
619 526 770 592 similiter
792 525 1095 610 demonstrabimus,

103 647 158 693 esse
178 631 253 698 Ma
270 664 312 686 =
327 631 378 698 Α2
394 638 434 716 -[-
451 631 539 698 ZA2.
576 631 651 698 ΒΡ
672 636 781 699 autem
800 630 845 696 A²
869 632 994 697 excedit
1018 652 1096 716 qua·

106 730 178 802 druto
198 741 304 803 rectae
328 739 391 804 sibi
414 738 758 805 incommensurabilis,
798 738 909 821 itaque
929 741 1004 822 BF,
1028 742 1095 801 ΖΔ

59 906 63 927 .
108 837 284 926 longitudine
307 846 650 911 incommensurabiles
675 848 760 910 sunt.
797 866 897 930 quare
915 845 982 908 ΒΓ
996 845 1095 908 etiam

109 943 225 1033 reliquae
244 954 273 1014 Β
280 955 309 1014 Ζ
320 953 361 1032 -Ι-
373 957 406 1015 Δ
411 953 443 1016 Γ
456 951 795 1016 incommensurabilis
810 955 860 1015 est
874 952 979 1035 [prop.
992 947 1094 1030 XVI].

59 1128 63 1145 Ι
111 1069 196 1120 uerum
212 1060 240 1120 Β
251 1061 278 1122 Ζ
289 1059 330 1138 -Ι-
343 1060 413 1121 ΔΓ
425 1061 532 1122 rectae
551 1059 621 1121 ΔΓ
636 1055 840 1142 longitudine
859 1076 1095 1120 commensura·

59 1150 62 1181 ²
112 1152 166 1224 bilis
182 1166 228 1227 est
248 1165 355 1249 [prop.
368 1161 439 1244 VI].
463 1184 563 1247 quare
587 1164 685 1228 etiam
699 1164 767 1227 ΒΓ
780 1166 888 1227 rectae
906 1164 975 1227 ΔΓ
990 1161 1095 1247 longi-

113 1263 198 1332 adine
209 1269 547 1335 incommensurabilis
562 1273 613 1334 est
628 1272 733 1354 [prop.
743 1267 848 1349 XIIH.
871 1268 981 1352 itaque
996 1267 1096 1332 etiam

112 1365 261 1441 dirimendo
283 1380 353 1440 BA
375 1381 408 1440 et
432 1377 503 1439 ΔΓ
522 1375 725 1460 longitudine
753 1374 1095 1439 incommensurabiles

113 1481 165 1542 sunt
185 1483 286 1566 [prop.
309 1480 411 1562 XVH.

159 1583 239 1674 Ergo
264 1588 293 1652 si
317 1587 398 1652 duae
421 1592 540 1672 rectae,
564 1592 598 1653 et
622 1609 704 1672 quae
727 1590 913 1672 sequuntur.

508 1764 670 1829 Lemma.

160 1885 311 1962 Quoniam
330 1889 588 1954 demonstratum
602 1891 653 1953 est
666 1889 770 1971 [prop.
780 1884 828 1951 IX
839 1884 973 1967 coroll.],
991 1889 1096 1951 rectas

111 1979 287 2079 longitudine
317 1993 625 2059 commensurabiles
658 2015 785 2078 semper
819 1993 917 2058 etiam
949 1991 1097 2076 potentia

111 2100 391 2166 commensurabiles
411 2121 490 2183 esse,
512 2103 619 2164 rectas
639 2103 746 2164 autern
767 2098 914 2184 potentia
935 2119 1097 2163 commen·

111 2203 244 2273 sllrabiles
272 2227 340 2272 non
370 2227 497 2290 semper
527 2206 626 2270 etiam
657 2205 877 2290 longitudine,
910 2204 966 2269 sed
1000 2227 1097 2288 posse

109 2296 286 2392 longitudine
305 2314 376 2377 tum
395 2311 702 2377 commensurabiles
722 2333 792 2376 esse
810 2315 881 2376 tum
899 2311 1097 2377 incommen-

110 2415 252 2501 surabiles,
276 2418 420 2502 adparet,
444 2419 583 2483 sirecte
607 2417 715 2502 aliqua
734 2417 886 2483 rationali
908 2418 1097 2501 propositae

109 2506 289 2604 longitudine
307 2523 609 2589 commensurabilis
630 2523 681 2606 sit,
700 2544 772 2587 eam
790 2523 981 2587 rationalem
1003 2521 1097 2605 eique

109 2629 410 2695 commensurabilem
437 2628 548 2694 uocari
576 2651 643 2694 non
669 2629 767 2693 modo
793 2627 1010 2712 longitudine,
1041 2628 1098 2692 sed

110 2726 368 2819 serapoeum,
396 2735 549 2818 quoniam
577 2737 684 2798 rectae
714 2733 916 2820 longitudine
939 2756 1097 2799 commen·

109 2841 245 2906 sectiles
260 2861 389 2925 semper
403 2839 501 2904 etiam
514 2840 663 2923 potentia
682 2841 989 2906 commensurabiles
1009 2846 1097 2924 sunt3

106 2941 142 3010 sin
167 2950 256 3014 reeta
285 2946 440 3011 rationali
468 2945 657 3030 propositae
685 2945 832 3030 potentia
862 2968 1098 3012 commensura-

103 3047 160 3120 bilis
190 3055 248 3138 sit,
283 3053 311 3117 si
344 3053 444 3118 etiam
475 3052 679 3137 longitudine
713 3051 756 3116 sit
788 3052 1098 3138 commensurabilis,

98 3180 155 3227 eam
170 3161 218 3227 sic
231 3180 358 3245 quoque
371 3160 566 3224 rationalem
581 3160 673 3244 eique
687 3158 890 3244 longitudine
905 3163 938 3223 et
952 3159 1098 3241 potentia

93 3266 409 3335 commensurabilem
442 3266 567 3349 nocari3
598 3266 650 3330 sin
680 3285 793 3328 rursus
824 3268 914 3329 recta
945 3265 1099 3329 rationali

120 3450 160 3499 19.
187 3437 260 3508 αῧιη
280 3439 310 3495 F.
384 3445 426 3494 20.
451 3435 513 3494 ἐπεὶ
531 3437 579 3512 αἱ]
602 3435 636 3495 oi
657 3434 711 3512 peip
735 3439 837 3498 Theon
854 3437 995 3512 balim.
1062 3439 1112 3489 ‘tm

81 3515 152 3584 aar]
167 3513 241 3579 (aar)
255 3528 291 3565 m.
311 3510 376 3562 2B.
449 3506 525 3582 aava]
542 3513 575 3569 n.
1077 3537 1085 3548 .
