2378 3832
48 113 116 179 280
435 110 636 164 πεοικωιοω
655 106 682 162 ι’.

50 261 119 325 ΛΟ
150 257 189 342 τῆ
219 258 292 320 ΟΝ
319 251 424 340 μήκει.
469 257 529 319 καί
553 254 640 319 εἰσιν
668 248 854 339 ἀμφότεραι
881 253 993 340 ῥηταί·
1029 257 1067 320 αί
1093 259 1095 263 ’

50 367 133 446 ΛΟ,
158 366 230 427 ΟΝ
254 357 320 448 ἄρα
348 361 449 446 ῥηταί
472 362 537 426 είσι
565 358 707 445 δυνάμει
733 359 840 446 μόνον
869 358 1066 446 σύμμετροι·

51 464 203 555 ἀποτομή
222 465 288 555 ἄρα
306 467 397 534 ἐστὶν
415 465 436 553 ή
456 471 536 532 AN.
559 464 614 531 καὶ
630 462 772 532 δύναται
785 462 824 532 τὸ
840 472 906 533 ΑΒ
925 469 1066 553 χωρίον·

51 571 72 661 ή
97 573 223 662 ἄρατὸ
246 580 313 640 ΑΒ
337 576 461 660 χωρίον
486 570 656 657 δυναμένη
680 568 833 659 ἀποτομή
857 572 959 640 έστιν.

15 703 33 752 ι
115 677 194 747 Ἐὰν
214 678 279 768 ἄρα
298 683 423 766 χωρίον
441 677 629 764 περιέχηται
648 675 715 744 ὑπὸ
729 679 831 765 ῥητῆς
846 677 904 745 καὶ
921 675 963 745 τὰ
985 678 1067 765 ἑξῆς.

529 889 592 976 (ιβ’.

116 1012 205 1083 Ἐὰν
228 1017 377 1102 χωρίον
401 1013 629 1100 περιέχηται
652 1010 727 1084 ὑπὸ
750 1016 869 1102 ρἠτῆς
890 1015 957 1082 καὶ
976 1013 1067 1084 νἰπο-

53 1125 176 1208 τομῆς
200 1120 404 1207 δευτέρας,
432 1117 452 1206 ῆ
481 1118 523 1187 τὸ
551 1125 698 1207 χωρίον
722 1120 923 1208 δυναμένη
948 1122 1067 1209 μέσης
1146 1202 1149 1207 Ι

53 1225 231 1314 νἰποτομή
254 1228 336 1295 έστι
359 1225 499 1312 πρώτη.

1 1357 35 1406 10
121 1338 256 1419 Χωρίον
282 1333 347 1421 γὰρ
375 1332 412 1400 τὸ
440 1339 506 1399 ΑΒ
538 1333 743 1419 περιεχέσθω
774 1331 841 1401 ὑπὸ
874 1332 979 1421 ῥητῆς
1010 1337 1068 1421 τῆς

53 1451 85 1508 Α
92 1445 124 1508 Γ
141 1440 197 1507 καὶ
221 1436 389 1525 ἀποτομῆς
412 1438 569 1526 δευτέρας
591 1440 649 1524 τῆς
666 1441 755 1527 ῘΑΔ·
793 1439 887 1527 λέγω,
910 1438 962 1508 ὅτι
985 1438 1007 1528 ῆ
1029 1439 1068 1508 τὸ

53 1554 119 1615 ΑΒ
141 1550 267 1635 χωρίον
291 1545 460 1633 δυναμένη
484 1546 585 1631 μέσης
608 1544 758 1634 ἀποτομή
782 1547 851 1614 ἐστι
874 1546 999 1634 πρώτη.

110 1650 219 1721 Ἔστω
238 1651 302 1738 γὰρ
326 1655 365 1739 τῆ
388 1658 459 1719 ΑΔ
481 1652 758 1740 προσαρμόζουσα
781 1651 802 1739 ῆ
827 1660 913 1720 ΔΗ·
944 1655 984 1720 αί
1004 1651 1071 1742 ἄρα

53 1766 134 1846 ΑΗ,
156 1766 196 1827 Η
198 1767 230 1826 Δ
253 1761 354 1847 ῥηταί
369 1762 433 1825 είσι
457 1757 599 1844 δυνάμει
621 1757 729 1845 μόνον
752 1758 944 1847 σύμμετροι,
967 1760 1025 1828 καὶ
1048 1756 1068 1847 ῆ

4 1888 36 1938 16
55 1865 334 1954 προσαρμόζουσα
362 1864 383 1952 ῆ
411 1871 489 1931 ΔΗ
516 1864 702 1952 σύμμετρός
734 1867 802 1933 ἐστι
828 1869 869 1954 τῆ
897 1867 1070 1955 ἐπιειμένη

55 1971 137 2059 ῥητή
165 1975 204 2060 τῆ
230 1977 311 2057 ΑΓ,
341 1969 362 2058 ή
392 1969 429 2038 δὲ
457 1968 517 2056 ὅλη
544 1970 565 2057 ή
590 1978 666 2038 ΑΗ
689 1973 747 2058 τῆς
773 1972 1072 2059 προσαρμοζούσης

54 2081 112 2164 τῆς
125 2084 165 2144 Η
166 2084 200 2143 Δ
214 2082 325 2162 μεῖζον
340 2075 480 2144 δύναται
494 2080 539 2168 τῷ
559 2073 624 2145 ἀπὸ
644 2078 834 2167 συμμέτρου
847 2079 948 2167 ἑαυτῆ
963 2079 1071 2166 μήκει.

55 2182 125 2251 ἐπεὶ
145 2173 208 2249 οὖν
226 2182 246 2268 ή
266 2189 343 2249 ΑΗ
361 2187 419 2269 τῆς
435 2192 474 2252 Η
480 2190 513 2249 Δ
536 2189 648 2269 μεῖζον
672 2183 814 2252 δύναται
835 2186 881 2275 τῷ
905 2180 972 2252 ιἰπὸ
992 2203 1073 2271 συμ-

55 2289 178 2375 μέτρου
202 2289 314 2376 έαυτῆ,
339 2285 397 2356 έδιν
421 2287 487 2377 ἄρα
509 2300 554 2380 τῷ
572 2288 717 2381 τετάρτῳ
736 2290 828 2376 μέρει
845 2294 908 2357 τοῦ
926 2286 993 2358 ιἰπδ
1011 2293 1073 2377 τῆς

3 2418 38 2468 20
56 2401 131 2462 HA
158 2403 235 2462 ἴσον
261 2393 351 2481 παρὰ
378 2392 441 2481 τῆν
468 2402 545 2462 ΑΗ
567 2399 770 2485 παραβληθῇ
801 2397 954 2463 ἐλλεῖπον
988 2399 1073 2465 εῖδει

55 2502 267 2593 τετραγώνῳ,
300 2505 347 2581 είς
374 2499 544 2589 σύμμετρα
573 2499 680 2589 αὐτήν
711 2506 840 2589 διαιρεῖ.
893 2502 1074 2589 τετμήσθω

57 2599 120 2676 οὖν
143 2607 164 2694 ῆ
186 2615 262 2675 ΔΗ
281 2611 358 2695 δίχα
379 2606 462 2674 κατὰ
481 2605 519 2675 τὸ
539 2615 584 2675 Ε·
606 2608 726 2699 καὶτῷ
745 2605 811 2676 ἀπὸ
829 2611 887 2695 τῆς
905 2615 1075 2676 ΕΗίσον

55 2713 145 2801 παρὰ
159 2712 222 2800 τήν
234 2722 267 2781 Α
272 2720 311 2780 Η
320 2712 587 2802 παραβεβλήσθω
603 2714 754 2782 έλλεϊπον
769 2718 851 2782 είδει
864 2712 1075 2806 τετραγώνῳ,

128 2966 153 3014 2.
174 2960 249 3030 ΟΝ]
271 2962 454 3016 NOecorr.
473 2960 506 3016 V.
562 2959 633 3016 εἰσιν
652 2961 686 3029 V,
706 2961 863 3016 sedvdel.
922 2956 1073 3016 4.τδΑΒ

56 3026 114 3100 ἄρα
133 3029 167 3084 V.
240 3036 264 3084 5.
284 3031 334 3085 ναὶ
351 3028 386 3085 τὰ
406 3027 482 3103 ἑξῆς]
503 3031 552 3086 ναὶ
570 3027 717 3102 ἀποτομῆς
734 3028 857 3102 πρώτης,
876 3028 895 3101 ῆ
914 3028 946 3086 τδ
966 3034 1076 3099 χωρίον

58 3099 205 3170 δυναμένη
225 3096 355 3171 ἀποτομή
380 3098 455 3157 έστιν
479 3103 577 3158 Theon
597 3103 740 3174 (BFVb).
819 3109 843 3158 8.
868 3103 937 3173 μέση
965 3102 1073 3157 BFVb

58 3175 87 3228 et
104 3171 135 3240 P,
155 3173 205 3226 sed
223 3189 292 3228 corr.
312 3190 348 3227 m.
370 3179 393 3226 1.
460 3179 501 3230 11.
521 3174 587 3246 ΑΔ]
606 3179 655 3228 ΑΒ
674 3174 705 3240 b3
724 3169 756 3227 δέ
776 3179 829 3227 ΑΔ
847 3173 879 3242 Ρ,
899 3189 969 3229 corr.
988 3192 1028 3228 m.
1048 3179 1073 3228 1.

94 3249 137 3298 12.
156 3244 218 3314 ΑΒ]
238 3249 424 3298 comeum
438 3243 471 3299 V.
526 3244 596 3314 μέση
611 3244 694 3315 BFb,
713 3245 743 3298 et
756 3244 790 3312 V,
809 3259 880 3301 corr.
893 3262 930 3299 m.
945 3251 971 3300 θ.
1029 3250 1072 3300 14.

58 3313 135 3385 ΗΔ]
160 3318 222 3368 ΔΗ
237 3315 266 3368 F.
339 3312 484 3384 δυναμένη
503 3314 540 3383 V,
565 3331 634 3370 corr.
654 3333 690 3370 m.
710 3321 735 3370 2.
809 3322 850 3372 16.
875 3315 947 3440 τῆςή
967 3331 1022 3373 om.
1041 3315 1072 3373 F.

89 3392 131 3442 17.
158 3386 237 3459 ΗΔ]
263 3401 331 3443 eras.
352 3385 385 3442 V.
458 3385 533 3441 Ante
552 3384 710 3457 συμμέτρου
732 3403 785 3442 rae.
808 3391 822 3439 1
845 3386 901 3442 litt.
948 3429 954 3443 .
1031 3391 1073 3442 18.

38 3457 183 3530 AHJH
200 3459 232 3516 1¹11
251 3477 309 3518 ras.
331 3458 364 3518 V.
451 3457 521 3531 τῆς]
545 3458 722 3528 comem]
738 3456 867 3511 MV.
940 3456 1078 3526 moal
