2378 3832
101 174 168 240 204
487 173 690 228 ΣΤΟΙΧΕῙΩΝ
709 168 737 227 ι’,

102 314 165 384 δάο
195 312 372 402 ὀνομάτων
395 317 464 385 ἐστὶ
486 316 542 383 καὶ
570 320 610 405 τῇ
633 315 723 398 τάξει
751 311 772 402 ἡ
801 309 901 401 αὐτή·
942 308 1027 399 ὅπερ
1056 315 1124 379 ἔδει

103 423 216 502 δεῖξαι.

582 509 638 592 532

174 631 220 701 ‘H
247 638 292 722 τῇ
325 636 365 702 ἐκ
395 632 467 702 δύο
500 634 628 720 μέσων
660 631 775 720 μήκει
802 631 1029 719 σύμμετρος
1058 630 1125 699 καὶ

68 765 83 815 5
103 737 200 827 αὐτὴ
224 741 264 808 έιι
288 737 360 807 δάο
384 740 515 825 μέσων
539 739 623 807 έστὶ
645 739 709 807 καὶ
732 742 777 827 τῇ
800 738 909 820 τάξει
931 734 953 825 ἡ
979 735 1091 824 αὐτή.

160 846 270 914 Ἔστω
294 847 330 913 έκ
349 843 412 913 δύο
431 846 542 932 μέσων
565 842 586 930 ἡ
609 852 687 931 ΑΒ,
711 845 767 912 καὶ
788 849 829 933 τῇ
851 851 914 912 ΑΒ
934 844 1123 931 σύμμετρος

104 959 187 1021 έστω
211 951 308 1039 μήκει
331 948 447 1037 ἡΓΔ·
471 952 570 1037 λέγω,
594 949 645 1019 ὅτι
663 948 684 1038 ἡ
704 957 767 1019 ΓΔ
786 953 822 1019 έιι
841 949 904 1018 δύο
923 951 1036 1038 μέσων
1051 948 1123 1018 ἐστὶ

103 1059 159 1126 καὶ
181 1061 221 1145 τῇ
244 1055 334 1136 τάξει
356 1054 377 1143 ἡ
402 1055 486 1144 αὐτὴ
509 1061 548 1146 τῇ
571 1063 646 1124 ΑΒ.

168 1161 257 1230 Ἐπεὶ
284 1161 348 1248 γάρ
377 1165 413 1231 έιι
440 1164 503 1231 δύο
531 1164 643 1249 μέσων
670 1163 760 1232 ἐστὶν
784 1160 805 1249 ἡ
828 1170 911 1248 ΑΒ,
945 1159 1125 1251 διῃρήσθω

53 1295 86 1344 10
105 1273 154 1348 εἰς
174 1267 234 1349 τάς
256 1270 357 1355 μέσας
380 1266 462 1336 κατά
485 1268 523 1337 τὸ
547 1277 591 1336 Ε·
619 1271 657 1337 αἱ
677 1277 755 1355 ΑΕ,
773 1276 837 1337 ΕΒ
855 1267 921 1354 άρα
941 1270 1041 1355 μέσαι
1059 1267 1124 1335 εἰσὶ

106 1374 248 1460 δυνάμει
278 1374 385 1462 μόνον
415 1373 604 1461 σύμμετροι.
649 1376 706 1443 ιιαὶ
734 1377 898 1463 γεγονέτω
928 1372 976 1454 ὡς
1003 1371 1025 1460 ἡ
1052 1381 1120 1441 ΑΒ

104 1481 188 1568 πρὸς
219 1486 292 1567 ΓΔ,
325 1478 346 1568 ἡ
378 1489 448 1549 ΑΕ
476 1481 561 1568 πρὸς
588 1487 662 1549 ΓΖ·
704 1481 761 1549 ιιαὶ
786 1482 885 1568 λοιπὴ
913 1478 982 1566 άρα
1007 1476 1028 1567 ἡ
1054 1485 1116 1547 ΕΒ

105 1586 188 1675 πρὸς
224 1587 345 1674 λοιπὴν
376 1584 439 1674 τὴν
472 1595 539 1655 ΖΔ
567 1589 672 1672 ἐστιν,
709 1585 754 1666 ὡς
785 1585 802 1654 ά
839 1593 904 1654 ΛΒ
936 1587 1021 1675 πρὸς
1047 1591 1121 1655 ΓΔ.

107 1695 292 1781 σύμμετρος
320 1693 358 1762 δέ
387 1691 408 1779 ἡ
435 1701 502 1761 ΑΒ
530 1697 569 1780 τῇ
598 1698 666 1760 ΓΔ
692 1690 801 1779 μήκει·
843 1691 1032 1782 σύμμετρος
1059 1689 1126 1782 άρα

56 1825 89 1874 15
108 1800 163 1868 καὶ
195 1800 333 1887 ἑκατέρα
364 1803 432 1867 τάν
464 1807 546 1884 ΑΕ,
579 1805 638 1866 ΕΒ
678 1799 815 1888 ἑκατέρα
844 1801 914 1867 τιόν
941 1805 1019 1886 ΓΖ,
1048 1806 1127 1868 ΖΔ.

108 1906 205 1991 μέσαι
228 1906 267 1974 δέ
289 1909 327 1974 αἱ
347 1913 424 1992 ΑΕ,
439 1912 515 1972 ΕΒ·
539 1906 637 1992 μέσαι
654 1902 721 1993 άμα
742 1904 798 1973 καὶ
817 1908 856 1971 αἱ
870 1910 943 1991 ΓΖ,
962 1911 1039 1972 ΖΔ.
1063 1905 1127 1972 ααὶ

108 2014 181 2079 ἐπεί
201 2014 291 2080 ἐστιν
315 2008 360 2090 ὡς
382 2008 402 2097 ἡ
426 2017 494 2078 ΑΕ
518 2012 602 2097 πρὸς
624 2017 704 2095 ΕΒ,
731 2006 753 2096 ἡ
777 2015 837 2077 ΓΖ
865 2011 949 2095 πρὸς
977 2016 1061 2097 ΖΔ,
1088 2013 1127 2079 αἱ

109 2116 146 2185 δέ
169 2124 250 2202 ΑΕ,
274 2124 337 2184 ΕΒ
361 2119 502 2204 δυνάμει
525 2116 633 2203 μόνον
662 2115 849 2203 σύμμετροί
872 2119 975 2202 εἰσιν,
1002 2116 1062 2184 καὶ
1089 2119 1128 2184 αἱ

108 2227 180 2306 ΓΖ,
205 2228 272 2289 ΖΔ
295 2219 388 2307 [ἄρα]
407 2221 550 2310 δυνάμει
568 2228 675 2310 μόνον
693 2222 879 2311 σύμμετροί
894 2225 990 2292 εἰσιν.
1022 2223 1127 2310 έδείχ-

55 2355 90 2404 20
108 2335 224 2412 θησαν
242 2326 280 2394 δέ
302 2328 358 2395 καὶ
381 2329 491 2413 μέσαι·
524 2326 545 2415 ἡ
568 2335 632 2397 ΓΔ
654 2329 720 2417 ἄρα
743 2331 778 2397 έιι
802 2327 865 2396 δύο
888 2328 999 2414 μέσων
1024 2330 1126 2398 ἐστίν.

175 2434 272 2520 Λέγω
296 2435 349 2521 δή,
373 2432 424 2503 ὅτι
446 2435 503 2503 καὶ
525 2439 565 2524 τῇ
588 2434 677 2516 τάξει
700 2431 721 2521 ἡ
746 2432 829 2521 αὐτή
853 2436 922 2502 έστι
945 2437 985 2522 τῇ
1008 2441 1085 2503 ΑΒ.

173 2537 263 2609 Ἐπεὶ
284 2540 349 2631 γάρ
368 2543 459 2610 ἐστιν
483 2539 528 2622 ὡς
549 2539 571 2629 ἡ
594 2550 665 2610 ΑΕ
689 2544 772 2627 πρὸς
794 2548 873 2626 ΕΒ,
905 2538 927 2629 ἡ
951 2546 1012 2608 ΓΖ
1040 2543 1127 2628 πρὸς

109 2654 193 2732 ΖΔ,
225 2647 281 2715 καὶ
309 2646 354 2728 ὡς
381 2644 446 2736 άρα
473 2650 511 2715 τὸ
539 2645 605 2715 άπὸ
628 2652 687 2734 τῆς
708 2654 780 2715 ΑΕ
798 2649 882 2735 πρὸς
904 2643 942 2714 τὸ
964 2643 1032 2715 ὑπὸ
1056 2650 1125 2715 τῶν

109 2759 221 2837 ΑΕΒ,
245 2754 352 2833 οὕτως
373 2751 411 2822 τὸ
436 2751 501 2821 άπὸ
520 2756 579 2839 τῆς
596 2759 658 2820 ΓΖ
680 2755 763 2839 πρὸς
781 2750 818 2821 τὸ
838 2749 904 2821 ὑπὸ
922 2755 992 2820 τάν
1010 2759 1125 2821 ΓΖΔ·

56 2883 91 2933 25
111 2857 252 2938 ἐναλλάξ
284 2855 328 2938 ὡς
360 2857 397 2926 τὸ
431 2857 496 2928 άιιὸ
527 2863 586 2944 τῆς
613 2867 682 2927 ΑΕ
705 2883 790 2947 προς
816 2855 853 2927 τὸ
878 2855 943 2926 άιιδ
971 2861 1029 2944 τῆς
1051 2864 1125 2944 ΓΖ,

182 3024 206 3073 1.
221 3011 291 3083 ὅπερ
306 3015 365 3072 ἔδει
379 3015 487 3106 Mat}
500 3031 553 3071 om.
568 3016 681 3072 BFVb.
737 3024 762 3072 3.
781 3015 823 3084 ἐξ
859 3013 885 3082 ζ’
900 3015 930 3071 in
942 3033 997 3072 ras.
1012 3014 1044 3072 Ε.
1099 3022 1125 3072 4.

109 3089 160 3161 τῇ]
184 3087 310 3143 ιΜΒ.
382 3084 539 3158 ναὶαυτή]
564 3104 619 3142 om.
643 3087 741 3143 Theon
765 3089 828 3157 (BF
865 3089 908 3156 b).
982 3093 1006 3142 7.
1030 3083 1049 3155 ἡ
1070 3091 1124 3142 ΓΔ

109 3158 193 3286 υ
208 3160 294 3302 ιιι
321 3157 505 3284 νυν
520 3159 572 3283 ιι
676 3157 832 3285 μιν
855 3157 1122 3284 Ταινιω-

144 3274 197 3372 τὴν
217 3252 267 3358 1¹⁶2
284 3250 319 3356 ά
354 3271 488 3356 ’τιτι
520 3269 813 3369 inras'.V,AzB.'
850 3248 1024 3370 ιὴινάν.
1082 3271 1124 3354 ιιῖ

109 3366 286 3500 άσάίιμετυος
299 3371 332 3427 δέ
347 3370 375 3440 b,
395 3371 445 3427 sed
459 3387 528 3426 corr.
584 3375 626 3425 15.
646 3371 696 3426 ιιαὶ
709 3367 727 3440 ἡ
742 3368 794 3442 μὲν
808 3375 831 3424 Α
837 3374 861 3424 E
879 3371 912 3442 τῇ
928 3374 979 3425 ΓΖ
998 3373 1066 3440 (ΖΓ
1082 3370 1125 3440 Γ),

98 3440 166 3571 ἰδ
199 3446 251 3499 ΕΒ
270 3443 303 3516 τῇ
324 3447 377 3534 ΖΔ
396 3444 593 3512 (eomoxAZ
606 3440 643 3510 V)
661 3442 760 3497 Theon
779 3441 923 3510 (BFVb).
978 3447 1021 3496 16.
1041 3440 1126 3511 μέσαι

116 3514 152 3589 ff
166 3517 226 3573 nal
235 3512 291 3574 elac
303 3532 392 3590 μεσαι
412 3512 514 3572 Theon
532 3510 678 3586 (Bm).
730 3512 781 3566 ταὶ
794 3509 946 3582 athath„
997 3517 1042 3565 ss.
1059 3511 1127 3580 ΑΕ]
